[gd_scene load_steps=54 format=2]

[ext_resource path="res://assets/Textures/Doggo/Faces/sleepy-face.png" type="Texture" id=1]
[ext_resource path="res://assets/Textures/Doggo/Faces/pet-face.png" type="Texture" id=2]
[ext_resource path="res://assets/Textures/Doggo/right-ear-3-4.png" type="Texture" id=3]
[ext_resource path="res://assets/UI/splash-heart-blood.png" type="Texture" id=4]
[ext_resource path="res://assets/Textures/Doggo/head-3-4.png" type="Texture" id=5]
[ext_resource path="res://assets/Textures/Doggo/right-hand-up.png" type="Texture" id=6]
[ext_resource path="res://assets/Textures/Doggo/left-ear-3-4.png" type="Texture" id=7]
[ext_resource path="res://assets/Textures/Doggo/Faces/sleepy-face-bubble.png" type="Texture" id=8]
[ext_resource path="res://assets/Textures/Doggo/Faces/normal-face.png" type="Texture" id=9]
[ext_resource path="res://assets/Textures/Doggo/Front/tail.png" type="Texture" id=10]
[ext_resource path="res://assets/Textures/Doggo/pet-hand.png" type="Texture" id=11]
[ext_resource path="res://assets/Textures/Doggo/paw-3-4.png" type="Texture" id=12]
[ext_resource path="res://assets/Textures/Doggo/body-3-4.png" type="Texture" id=13]
[ext_resource path="res://assets/Textures/Doggo/Front/body.png" type="Texture" id=14]
[ext_resource path="res://assets/Textures/Doggo/Front/head.png" type="Texture" id=15]
[ext_resource path="res://assets/Textures/Doggo/Front/ear-left.png" type="Texture" id=16]
[ext_resource path="res://assets/Textures/Doggo/Front/ear-right.png" type="Texture" id=17]
[ext_resource path="res://assets/Textures/Doggo/Front/paw-left.png" type="Texture" id=18]
[ext_resource path="res://assets/Textures/Doggo/Front/paw-right.png" type="Texture" id=19]
[ext_resource path="res://assets/Textures/Doggo/blood-tail.png" type="Texture" id=20]
[ext_resource path="res://assets/Textures/Doggo/blood-3-4.png" type="Texture" id=21]
[ext_resource path="res://assets/Textures/Doggo/blood-body.png" type="Texture" id=22]
[ext_resource path="res://assets/Textures/Doggo/blood-head.png" type="Texture" id=23]
[ext_resource path="res://src/UI/Hud.tscn" type="PackedScene" id=24]
[ext_resource path="res://src/Player/Weapon.gd" type="Script" id=25]
[ext_resource path="res://src/Player/Splatter.gd" type="Script" id=26]
[ext_resource path="res://src/Player/DirtyDoggo.gd" type="Script" id=27]
[ext_resource path="res://assets/UI/star.png" type="Texture" id=29]

[sub_resource type="Animation" id=21]
resource_name = "Hide"
length = 0.3
step = 0.01
tracks/0/type = "value"
tracks/0/path = NodePath("HUD/Doggo/Doggo:position")
tracks/0/interp = 1
tracks/0/loop_wrap = true
tracks/0/imported = false
tracks/0/enabled = true
tracks/0/keys = {
"times": PoolRealArray( 0.11, 0.3 ),
"transitions": PoolRealArray( 1, 1 ),
"update": 0,
"values": [ Vector2( 129, 435 ), Vector2( 0, 0 ) ]
}
tracks/1/type = "bezier"
tracks/1/path = NodePath("HUD/Doggo/Doggo:position:x")
tracks/1/interp = 1
tracks/1/loop_wrap = true
tracks/1/imported = false
tracks/1/enabled = true
tracks/1/keys = {
"points": PoolRealArray( 129, -0.25, 0, 0.25, 0, 0, -0.25, 0, 0.25, 0 ),
"times": PoolRealArray( 0.11, 0.3 )
}
tracks/2/type = "bezier"
tracks/2/path = NodePath("HUD/Doggo/Doggo:position:y")
tracks/2/interp = 1
tracks/2/loop_wrap = true
tracks/2/imported = false
tracks/2/enabled = true
tracks/2/keys = {
"points": PoolRealArray( 435, -0.25, 0, 0.25, 0, 48, -0.25, 0, 0.25, 0 ),
"times": PoolRealArray( 0.11, 0.3 )
}
tracks/3/type = "bezier"
tracks/3/path = NodePath("HUD/Doggo/Doggo:scale:x")
tracks/3/interp = 1
tracks/3/loop_wrap = true
tracks/3/imported = false
tracks/3/enabled = true
tracks/3/keys = {
"points": PoolRealArray( 1, -0.25, 0, 0.25, 0 ),
"times": PoolRealArray( 0 )
}
tracks/4/type = "bezier"
tracks/4/path = NodePath("HUD/Doggo/Doggo:scale:y")
tracks/4/interp = 1
tracks/4/loop_wrap = true
tracks/4/imported = false
tracks/4/enabled = true
tracks/4/keys = {
"points": PoolRealArray( 1, -0.25, 0, 0.25, 0 ),
"times": PoolRealArray( 0 )
}
tracks/5/type = "bezier"
tracks/5/path = NodePath("HUD/Doggo/Doggo/PawLeft:position:x")
tracks/5/interp = 1
tracks/5/loop_wrap = true
tracks/5/imported = false
tracks/5/enabled = true
tracks/5/keys = {
"points": PoolRealArray( 480, -0.25, 0, 0.25, 0 ),
"times": PoolRealArray( 0 )
}
tracks/6/type = "bezier"
tracks/6/path = NodePath("HUD/Doggo/Doggo/PawLeft:position:y")
tracks/6/interp = 1
tracks/6/loop_wrap = true
tracks/6/imported = false
tracks/6/enabled = true
tracks/6/keys = {
"points": PoolRealArray( 279.643, -0.25, 0, 0.25, 0 ),
"times": PoolRealArray( 0 )
}
tracks/7/type = "bezier"
tracks/7/path = NodePath("HUD/Doggo/Doggo/PawRight:position:x")
tracks/7/interp = 1
tracks/7/loop_wrap = true
tracks/7/imported = false
tracks/7/enabled = true
tracks/7/keys = {
"points": PoolRealArray( 480, -0.25, 0, 0.25, 0 ),
"times": PoolRealArray( 0 )
}
tracks/8/type = "bezier"
tracks/8/path = NodePath("HUD/Doggo/Doggo/PawRight:position:y")
tracks/8/interp = 1
tracks/8/loop_wrap = true
tracks/8/imported = false
tracks/8/enabled = true
tracks/8/keys = {
"points": PoolRealArray( 270, -0.25, 0, 0.25, 0 ),
"times": PoolRealArray( 0 )
}
tracks/9/type = "bezier"
tracks/9/path = NodePath("HUD/Doggo/Doggo/EarLeft:position:x")
tracks/9/interp = 1
tracks/9/loop_wrap = true
tracks/9/imported = false
tracks/9/enabled = true
tracks/9/keys = {
"points": PoolRealArray( 480, -0.25, 0, 0.25, 0 ),
"times": PoolRealArray( 0 )
}
tracks/10/type = "bezier"
tracks/10/path = NodePath("HUD/Doggo/Doggo/EarLeft:position:y")
tracks/10/interp = 1
tracks/10/loop_wrap = true
tracks/10/imported = false
tracks/10/enabled = true
tracks/10/keys = {
"points": PoolRealArray( 270, -0.25, 0, 0.25, 0 ),
"times": PoolRealArray( 0 )
}
tracks/11/type = "bezier"
tracks/11/path = NodePath("HUD/Doggo/Doggo/EarRight:position:x")
tracks/11/interp = 1
tracks/11/loop_wrap = true
tracks/11/imported = false
tracks/11/enabled = true
tracks/11/keys = {
"points": PoolRealArray( 480, -0.25, 0, 0.25, 0 ),
"times": PoolRealArray( 0 )
}
tracks/12/type = "bezier"
tracks/12/path = NodePath("HUD/Doggo/Doggo/EarRight:position:y")
tracks/12/interp = 1
tracks/12/loop_wrap = true
tracks/12/imported = false
tracks/12/enabled = true
tracks/12/keys = {
"points": PoolRealArray( 270, -0.25, 0, 0.25, 0 ),
"times": PoolRealArray( 0 )
}
tracks/13/type = "bezier"
tracks/13/path = NodePath("HUD/Doggo/Doggo/EarRight:scale:x")
tracks/13/interp = 1
tracks/13/loop_wrap = true
tracks/13/imported = false
tracks/13/enabled = true
tracks/13/keys = {
"points": PoolRealArray( 0.5, -0.25, 0, 0.25, 0, 0.5, -0.25, 0, 0.25, 0 ),
"times": PoolRealArray( 0, 0.3 )
}
tracks/14/type = "bezier"
tracks/14/path = NodePath("HUD/Doggo/Doggo/EarRight:scale:y")
tracks/14/interp = 1
tracks/14/loop_wrap = true
tracks/14/imported = false
tracks/14/enabled = true
tracks/14/keys = {
"points": PoolRealArray( 0.5, -0.25, 0, 0.25, 0, 0.5, -0.25, 0, 0.25, 0 ),
"times": PoolRealArray( 0, 0.3 )
}
tracks/15/type = "bezier"
tracks/15/path = NodePath("HUD/Doggo/Doggo/EarLeft:scale:x")
tracks/15/interp = 1
tracks/15/loop_wrap = true
tracks/15/imported = false
tracks/15/enabled = true
tracks/15/keys = {
"points": PoolRealArray( 0.5, -0.25, 0, 0.25, 0, 0.5, -0.25, 0, 0.25, 0 ),
"times": PoolRealArray( 0, 0.3 )
}
tracks/16/type = "bezier"
tracks/16/path = NodePath("HUD/Doggo/Doggo/EarLeft:scale:y")
tracks/16/interp = 1
tracks/16/loop_wrap = true
tracks/16/imported = false
tracks/16/enabled = true
tracks/16/keys = {
"points": PoolRealArray( 0.5, -0.25, 0, 0.25, 0, 0.5, -0.25, 0, 0.25, 0 ),
"times": PoolRealArray( 0, 0.3 )
}
tracks/17/type = "bezier"
tracks/17/path = NodePath("HUD/Doggo/Doggo/Tail:position:x")
tracks/17/interp = 1
tracks/17/loop_wrap = true
tracks/17/imported = false
tracks/17/enabled = true
tracks/17/keys = {
"points": PoolRealArray( 480, -0.25, 0, 0.25, 0 ),
"times": PoolRealArray( 0 )
}
tracks/18/type = "bezier"
tracks/18/path = NodePath("HUD/Doggo/Doggo/Tail:position:y")
tracks/18/interp = 1
tracks/18/loop_wrap = true
tracks/18/imported = false
tracks/18/enabled = true
tracks/18/keys = {
"points": PoolRealArray( 270, -0.25, 0, 0.25, 0 ),
"times": PoolRealArray( 0 )
}
tracks/19/type = "bezier"
tracks/19/path = NodePath("HUD/Doggo/Doggo/Tail:scale:x")
tracks/19/interp = 1
tracks/19/loop_wrap = true
tracks/19/imported = false
tracks/19/enabled = true
tracks/19/keys = {
"points": PoolRealArray( 0.5, -0.25, 0, 0.25, 0 ),
"times": PoolRealArray( 0 )
}
tracks/20/type = "bezier"
tracks/20/path = NodePath("HUD/Doggo/Doggo/Tail:scale:y")
tracks/20/interp = 1
tracks/20/loop_wrap = true
tracks/20/imported = false
tracks/20/enabled = true
tracks/20/keys = {
"points": PoolRealArray( 0.5, -0.25, 0, 0.25, 0 ),
"times": PoolRealArray( 0 )
}
tracks/21/type = "bezier"
tracks/21/path = NodePath("HUD/Doggo/PetHand:position:x")
tracks/21/interp = 1
tracks/21/loop_wrap = true
tracks/21/imported = false
tracks/21/enabled = true
tracks/21/keys = {
"points": PoolRealArray( 480, -0.25, 0, 0.25, 0 ),
"times": PoolRealArray( 0 )
}
tracks/22/type = "bezier"
tracks/22/path = NodePath("HUD/Doggo/PetHand:position:y")
tracks/22/interp = 1
tracks/22/loop_wrap = true
tracks/22/imported = false
tracks/22/enabled = true
tracks/22/keys = {
"points": PoolRealArray( 270, -0.25, 0, 0.25, 0 ),
"times": PoolRealArray( 0 )
}
tracks/23/type = "value"
tracks/23/path = NodePath("HUD/Doggo/PetHand:visible")
tracks/23/interp = 1
tracks/23/loop_wrap = true
tracks/23/imported = false
tracks/23/enabled = true
tracks/23/keys = {
"times": PoolRealArray( 0 ),
"transitions": PoolRealArray( 1 ),
"update": 1,
"values": [ false ]
}
tracks/24/type = "bezier"
tracks/24/path = NodePath("HUD/Doggo/BackDoggo:position:x")
tracks/24/interp = 1
tracks/24/loop_wrap = true
tracks/24/imported = false
tracks/24/enabled = true
tracks/24/keys = {
"points": PoolRealArray( -16, -0.25, 0, 0.25, 0, 0, -0.25, 0, 0.25, 0 ),
"times": PoolRealArray( 0, 0.3 )
}
tracks/25/type = "bezier"
tracks/25/path = NodePath("HUD/Doggo/BackDoggo:position:y")
tracks/25/interp = 1
tracks/25/loop_wrap = true
tracks/25/imported = false
tracks/25/enabled = true
tracks/25/keys = {
"points": PoolRealArray( 15, -0.25, 0, 0.25, 0, 467, -0.25, 0, 0.25, 0 ),
"times": PoolRealArray( 0, 0.3 )
}
tracks/26/type = "value"
tracks/26/path = NodePath("HUD/Doggo/BackDoggo:visible")
tracks/26/interp = 1
tracks/26/loop_wrap = true
tracks/26/imported = false
tracks/26/enabled = true
tracks/26/keys = {
"times": PoolRealArray( 0, 0.2, 0.3 ),
"transitions": PoolRealArray( 1, 1, 1 ),
"update": 1,
"values": [ true, true, false ]
}

[sub_resource type="Animation" id=2]
resource_name = "Idle"
length = 2.0
loop = true
tracks/0/type = "bezier"
tracks/0/path = NodePath("HUD/Doggo/Doggo:scale:x")
tracks/0/interp = 1
tracks/0/loop_wrap = true
tracks/0/imported = false
tracks/0/enabled = true
tracks/0/keys = {
"points": PoolRealArray( 1, -0.25, 0, 0.25, 0, 1, -0.25, 0, 0.25, 0, 1, -0.25, 0, 0.25, 0 ),
"times": PoolRealArray( 0, 1, 2 )
}
tracks/1/type = "bezier"
tracks/1/path = NodePath("HUD/Doggo/Doggo:scale:y")
tracks/1/interp = 1
tracks/1/loop_wrap = true
tracks/1/imported = false
tracks/1/enabled = true
tracks/1/keys = {
"points": PoolRealArray( 1, -0.25, 0, 0.25, 0, 1, -0.25, 0, 0.25, 0, 1, -0.25, 0, 0.25, 0 ),
"times": PoolRealArray( 0, 1, 2 )
}
tracks/2/type = "bezier"
tracks/2/path = NodePath("HUD/Doggo/Doggo:position:x")
tracks/2/interp = 1
tracks/2/loop_wrap = true
tracks/2/imported = false
tracks/2/enabled = true
tracks/2/keys = {
"points": PoolRealArray( 0, -0.25, 0, 0.25, 0, 0, -0.25, 0, 0.25, 0, 0, -0.25, 0, 0.25, 0 ),
"times": PoolRealArray( 0, 1, 2 )
}
tracks/3/type = "bezier"
tracks/3/path = NodePath("HUD/Doggo/Doggo:position:y")
tracks/3/interp = 1
tracks/3/loop_wrap = true
tracks/3/imported = false
tracks/3/enabled = true
tracks/3/keys = {
"points": PoolRealArray( 48, -0.25, 0, 0.6, -1, 5, -0.6, 2, 0.7, 1, 48, -0.6, -1, 0.6, -1 ),
"times": PoolRealArray( 0, 1, 2 )
}
tracks/4/type = "bezier"
tracks/4/path = NodePath("HUD/Doggo/Doggo/PawLeft:position:x")
tracks/4/interp = 1
tracks/4/loop_wrap = true
tracks/4/imported = false
tracks/4/enabled = true
tracks/4/keys = {
"points": PoolRealArray( 480, -0.25, 0, 0.25, 0, 480, -0.25, 0, 0.25, 0, 480, -0.25, 0, 0.25, 0, 480, -0.25, 0, 0.25, 0, 480, -0.25, 0, 0.25, 0, 480, -0.25, 0, 0.25, 0 ),
"times": PoolRealArray( 0, 0.4, 1.2, 1.5, 1.6, 2 )
}
tracks/5/type = "bezier"
tracks/5/path = NodePath("HUD/Doggo/Doggo/PawLeft:position:y")
tracks/5/interp = 1
tracks/5/loop_wrap = true
tracks/5/imported = false
tracks/5/enabled = true
tracks/5/keys = {
"points": PoolRealArray( 270, -0.25, 0, 0.25, 0, 279.643, -0.25, 0, 0.25, 0, 259.773, -0.25, 0, 0.25, 0, 259.814, -0.25, 0, 0.25, 0, 259.814, -0.25, 0, 0.25, 0, 270, -0.25, 0, 0.25, 0 ),
"times": PoolRealArray( 0, 0.4, 1.2, 1.5, 1.6, 2 )
}
tracks/6/type = "bezier"
tracks/6/path = NodePath("HUD/Doggo/Doggo/PawRight:position:x")
tracks/6/interp = 1
tracks/6/loop_wrap = true
tracks/6/imported = false
tracks/6/enabled = true
tracks/6/keys = {
"points": PoolRealArray( 480, -0.25, 0, 0.25, 0, 480, -0.25, 0, 0.25, 0, 480, -0.25, 0, 0.25, 0, 480, -0.25, 0, 0.25, 0, 480, -0.25, 0, 0.25, 0, 480, -0.25, 0, 0.25, 0 ),
"times": PoolRealArray( 0, 0.4, 1.2, 1.5, 1.6, 2 )
}
tracks/7/type = "bezier"
tracks/7/path = NodePath("HUD/Doggo/Doggo/PawRight:position:y")
tracks/7/interp = 1
tracks/7/loop_wrap = true
tracks/7/imported = false
tracks/7/enabled = true
tracks/7/keys = {
"points": PoolRealArray( 270, -0.25, 0, 0.25, 0, 279.717, -0.25, 0, 0.25, 0, 259.773, -0.25, 0, 0.25, 0, 257.814, -0.25, 0, 0.25, 0, 257.814, -0.25, 0, 0.25, 0, 270, -0.25, 0, 0.25, 0 ),
"times": PoolRealArray( 0, 0.4, 1.2, 1.5, 1.6, 2 )
}
tracks/8/type = "bezier"
tracks/8/path = NodePath("HUD/Doggo/Doggo/Tail:position:x")
tracks/8/interp = 1
tracks/8/loop_wrap = true
tracks/8/imported = false
tracks/8/enabled = true
tracks/8/keys = {
"points": PoolRealArray( 480, -0.25, 0, 0.25, 0, 462, -0.25, 0, 0.25, 0, 462, -0.25, 0, 0.25, 0, 498, -0.25, 0, 0.25, 0, 480, -0.25, 0, 0.25, 0 ),
"times": PoolRealArray( 0, 0.5, 0.6, 1.3, 2 )
}
tracks/9/type = "bezier"
tracks/9/path = NodePath("HUD/Doggo/Doggo/Tail:position:y")
tracks/9/interp = 1
tracks/9/loop_wrap = true
tracks/9/imported = false
tracks/9/enabled = true
tracks/9/keys = {
"points": PoolRealArray( 270, -0.25, 0, 0.25, 0, 292.125, -0.25, 0, 0.25, 0, 292.125, -0.25, 0, 0.25, 0, 252.177, -0.25, 0, 0.25, 0, 270, -0.25, 0, 0.25, 0 ),
"times": PoolRealArray( 0, 0.5, 0.6, 1.3, 2 )
}
tracks/10/type = "bezier"
tracks/10/path = NodePath("HUD/Doggo/Doggo/EarLeft:position:x")
tracks/10/interp = 1
tracks/10/loop_wrap = true
tracks/10/imported = false
tracks/10/enabled = true
tracks/10/keys = {
"points": PoolRealArray( 480, -0.25, 0, 0.25, 0 ),
"times": PoolRealArray( 0 )
}
tracks/11/type = "bezier"
tracks/11/path = NodePath("HUD/Doggo/Doggo/EarLeft:position:y")
tracks/11/interp = 1
tracks/11/loop_wrap = true
tracks/11/imported = false
tracks/11/enabled = true
tracks/11/keys = {
"points": PoolRealArray( 270, -0.25, 0, 0.25, 0 ),
"times": PoolRealArray( 0 )
}
tracks/12/type = "bezier"
tracks/12/path = NodePath("HUD/Doggo/Doggo/EarRight:position:x")
tracks/12/interp = 1
tracks/12/loop_wrap = true
tracks/12/imported = false
tracks/12/enabled = true
tracks/12/keys = {
"points": PoolRealArray( 480, -0.25, 0, 0.25, 0 ),
"times": PoolRealArray( 0 )
}
tracks/13/type = "bezier"
tracks/13/path = NodePath("HUD/Doggo/Doggo/EarRight:position:y")
tracks/13/interp = 1
tracks/13/loop_wrap = true
tracks/13/imported = false
tracks/13/enabled = true
tracks/13/keys = {
"points": PoolRealArray( 270, -0.25, 0, 0.25, 0 ),
"times": PoolRealArray( 0 )
}
tracks/14/type = "bezier"
tracks/14/path = NodePath("HUD/Doggo/Doggo/EarRight:scale:x")
tracks/14/interp = 1
tracks/14/loop_wrap = true
tracks/14/imported = false
tracks/14/enabled = true
tracks/14/keys = {
"points": PoolRealArray( 0.5, -0.25, 0, 0.25, 0 ),
"times": PoolRealArray( 0 )
}
tracks/15/type = "bezier"
tracks/15/path = NodePath("HUD/Doggo/Doggo/EarRight:scale:y")
tracks/15/interp = 1
tracks/15/loop_wrap = true
tracks/15/imported = false
tracks/15/enabled = true
tracks/15/keys = {
"points": PoolRealArray( 0.5, -0.25, 0, 0.25, 0 ),
"times": PoolRealArray( 0 )
}
tracks/16/type = "bezier"
tracks/16/path = NodePath("HUD/Doggo/Doggo/EarLeft:scale:x")
tracks/16/interp = 1
tracks/16/loop_wrap = true
tracks/16/imported = false
tracks/16/enabled = true
tracks/16/keys = {
"points": PoolRealArray( 0.5, -0.25, 0, 0.25, 0 ),
"times": PoolRealArray( 0 )
}
tracks/17/type = "bezier"
tracks/17/path = NodePath("HUD/Doggo/Doggo/EarLeft:scale:y")
tracks/17/interp = 1
tracks/17/loop_wrap = true
tracks/17/imported = false
tracks/17/enabled = true
tracks/17/keys = {
"points": PoolRealArray( 0.5, -0.25, 0, 0.25, 0 ),
"times": PoolRealArray( 0 )
}
tracks/18/type = "bezier"
tracks/18/path = NodePath("HUD/Doggo/Doggo/Tail:scale:x")
tracks/18/interp = 1
tracks/18/loop_wrap = true
tracks/18/imported = false
tracks/18/enabled = true
tracks/18/keys = {
"points": PoolRealArray( 0.5, -0.25, 0, 0.25, 0, 0.52, -0.25, 0, 0.25, 0, 0.52, -0.25, 0, 0.25, 0, 0.48, -0.25, 0, 0.25, 0, 0.5, -0.25, 0, 0.25, 0 ),
"times": PoolRealArray( 0, 0.5, 0.6, 1.3, 2 )
}
tracks/19/type = "bezier"
tracks/19/path = NodePath("HUD/Doggo/Doggo/Tail:scale:y")
tracks/19/interp = 1
tracks/19/loop_wrap = true
tracks/19/imported = false
tracks/19/enabled = true
tracks/19/keys = {
"points": PoolRealArray( 0.5, -0.25, 0, 0.25, 0, 0.48, -0.25, 0, 0.25, 0, 0.48, -0.25, 0, 0.25, 0, 0.52, -0.25, 0, 0.25, 0, 0.5, -0.25, 0, 0.25, 0 ),
"times": PoolRealArray( 0, 0.5, 0.6, 1.3, 2 )
}
tracks/20/type = "value"
tracks/20/path = NodePath("HUD/Doggo/BackDoggo:visible")
tracks/20/interp = 1
tracks/20/loop_wrap = true
tracks/20/imported = false
tracks/20/enabled = true
tracks/20/keys = {
"times": PoolRealArray( 0 ),
"transitions": PoolRealArray( 1 ),
"update": 1,
"values": [ true ]
}
tracks/21/type = "value"
tracks/21/path = NodePath("HUD/Doggo/BackDoggo:position")
tracks/21/interp = 1
tracks/21/loop_wrap = true
tracks/21/imported = false
tracks/21/enabled = true
tracks/21/keys = {
"times": PoolRealArray( 0 ),
"transitions": PoolRealArray( 1 ),
"update": 0,
"values": [ Vector2( 0, 600 ) ]
}

[sub_resource type="Animation" id=6]
resource_name = "Pet"
length = 2.5
tracks/0/type = "value"
tracks/0/path = NodePath("HUD/Doggo/Doggo:position")
tracks/0/interp = 1
tracks/0/loop_wrap = true
tracks/0/imported = false
tracks/0/enabled = true
tracks/0/keys = {
"times": PoolRealArray( 0 ),
"transitions": PoolRealArray( 1 ),
"update": 0,
"values": [ Vector2( 0, 0 ) ]
}
tracks/1/type = "bezier"
tracks/1/path = NodePath("HUD/Doggo/Doggo:position:x")
tracks/1/interp = 1
tracks/1/loop_wrap = true
tracks/1/imported = false
tracks/1/enabled = true
tracks/1/keys = {
"points": PoolRealArray( 0, -0.25, 0, 0.25, 0 ),
"times": PoolRealArray( 0 )
}
tracks/2/type = "bezier"
tracks/2/path = NodePath("HUD/Doggo/Doggo:position:y")
tracks/2/interp = 1
tracks/2/loop_wrap = true
tracks/2/imported = false
tracks/2/enabled = true
tracks/2/keys = {
"points": PoolRealArray( 48, -0.25, 0, 0.25, 0 ),
"times": PoolRealArray( 0 )
}
tracks/3/type = "bezier"
tracks/3/path = NodePath("HUD/Doggo/Doggo:scale:x")
tracks/3/interp = 1
tracks/3/loop_wrap = true
tracks/3/imported = false
tracks/3/enabled = true
tracks/3/keys = {
"points": PoolRealArray( 1, -0.25, 0, 0.25, 0, 1, -0.25, 0, 0.25, 0 ),
"times": PoolRealArray( 0, 1 )
}
tracks/4/type = "bezier"
tracks/4/path = NodePath("HUD/Doggo/Doggo:scale:y")
tracks/4/interp = 1
tracks/4/loop_wrap = true
tracks/4/imported = false
tracks/4/enabled = true
tracks/4/keys = {
"points": PoolRealArray( 1, -0.25, 0, 0.25, 0, 1, -0.25, 0, 0.25, 0 ),
"times": PoolRealArray( 0, 1 )
}
tracks/5/type = "bezier"
tracks/5/path = NodePath("HUD/Doggo/Doggo/PawLeft:position:x")
tracks/5/interp = 1
tracks/5/loop_wrap = true
tracks/5/imported = false
tracks/5/enabled = true
tracks/5/keys = {
"points": PoolRealArray( 480, -0.25, 0, 0.25, 0 ),
"times": PoolRealArray( 0 )
}
tracks/6/type = "bezier"
tracks/6/path = NodePath("HUD/Doggo/Doggo/PawLeft:position:y")
tracks/6/interp = 1
tracks/6/loop_wrap = true
tracks/6/imported = false
tracks/6/enabled = true
tracks/6/keys = {
"points": PoolRealArray( 279.643, -0.25, 0, 0.25, 0 ),
"times": PoolRealArray( 0 )
}
tracks/7/type = "bezier"
tracks/7/path = NodePath("HUD/Doggo/Doggo/PawRight:position:x")
tracks/7/interp = 1
tracks/7/loop_wrap = true
tracks/7/imported = false
tracks/7/enabled = true
tracks/7/keys = {
"points": PoolRealArray( 480, -0.25, 0, 0.25, 0 ),
"times": PoolRealArray( 0 )
}
tracks/8/type = "bezier"
tracks/8/path = NodePath("HUD/Doggo/Doggo/PawRight:position:y")
tracks/8/interp = 1
tracks/8/loop_wrap = true
tracks/8/imported = false
tracks/8/enabled = true
tracks/8/keys = {
"points": PoolRealArray( 270, -0.25, 0, 0.25, 0 ),
"times": PoolRealArray( 0 )
}
tracks/9/type = "bezier"
tracks/9/path = NodePath("HUD/Doggo/Doggo/EarLeft:position:x")
tracks/9/interp = 1
tracks/9/loop_wrap = true
tracks/9/imported = false
tracks/9/enabled = true
tracks/9/keys = {
"points": PoolRealArray( 480, -0.25, 0, 0.25, 0, 480, -0.25, 0, 0.25, 0, 465, -0.25, 0, 0.25, 0, 480, -0.25, 0, 0.25, 0 ),
"times": PoolRealArray( 0, 0.9, 1.3, 1.7 )
}
tracks/10/type = "bezier"
tracks/10/path = NodePath("HUD/Doggo/Doggo/EarLeft:position:y")
tracks/10/interp = 1
tracks/10/loop_wrap = true
tracks/10/imported = false
tracks/10/enabled = true
tracks/10/keys = {
"points": PoolRealArray( 277.717, -0.25, 0, 0.25, 0, 277.717, -0.25, 0, 0.25, 0, 241, -0.25, 0, 0.25, 0, 277.717, -0.25, 0, 0.25, 0 ),
"times": PoolRealArray( 0, 0.9, 1.3, 1.7 )
}
tracks/11/type = "bezier"
tracks/11/path = NodePath("HUD/Doggo/Doggo/EarRight:position:x")
tracks/11/interp = 1
tracks/11/loop_wrap = true
tracks/11/imported = false
tracks/11/enabled = true
tracks/11/keys = {
"points": PoolRealArray( 480, -0.25, 0, 0.25, 0, 480, -0.25, 0, 0.25, 0, 481, -0.25, 0, 0.25, 0, 493, -0.25, 0, 0.25, 0, 493, -0.25, 0, 0.25, 0, 480, -0.25, 0, 0.25, 0 ),
"times": PoolRealArray( 0, 1, 1.4, 1.7, 2, 2.5 )
}
tracks/12/type = "bezier"
tracks/12/path = NodePath("HUD/Doggo/Doggo/EarRight:position:y")
tracks/12/interp = 1
tracks/12/loop_wrap = true
tracks/12/imported = false
tracks/12/enabled = true
tracks/12/keys = {
"points": PoolRealArray( 277.717, -0.25, 0, 0.25, 0, 277.717, -0.25, 0, 0.25, 0, 254, -0.25, 0, 0.25, 0, 311, -0.25, 0, 0.25, 0, 311, -0.25, 0, 0.25, 0, 277.717, -0.25, 0, 0.25, 0 ),
"times": PoolRealArray( 0, 1, 1.4, 1.7, 2, 2.5 )
}
tracks/13/type = "bezier"
tracks/13/path = NodePath("HUD/Doggo/Doggo/EarRight:scale:x")
tracks/13/interp = 1
tracks/13/loop_wrap = true
tracks/13/imported = false
tracks/13/enabled = true
tracks/13/keys = {
"points": PoolRealArray( 0.52, -0.25, 0, 0.25, 0 ),
"times": PoolRealArray( 0 )
}
tracks/14/type = "bezier"
tracks/14/path = NodePath("HUD/Doggo/Doggo/EarRight:scale:y")
tracks/14/interp = 1
tracks/14/loop_wrap = true
tracks/14/imported = false
tracks/14/enabled = true
tracks/14/keys = {
"points": PoolRealArray( 0.45, -0.25, 0, 0.25, 0 ),
"times": PoolRealArray( 0 )
}
tracks/15/type = "bezier"
tracks/15/path = NodePath("HUD/Doggo/Doggo/EarLeft:scale:x")
tracks/15/interp = 1
tracks/15/loop_wrap = true
tracks/15/imported = false
tracks/15/enabled = true
tracks/15/keys = {
"points": PoolRealArray( 0.51, -0.25, 0, 0.25, 0 ),
"times": PoolRealArray( 0 )
}
tracks/16/type = "bezier"
tracks/16/path = NodePath("HUD/Doggo/Doggo/EarLeft:scale:y")
tracks/16/interp = 1
tracks/16/loop_wrap = true
tracks/16/imported = false
tracks/16/enabled = true
tracks/16/keys = {
"points": PoolRealArray( 0.45, -0.25, 0, 0.25, 0 ),
"times": PoolRealArray( 0 )
}
tracks/17/type = "bezier"
tracks/17/path = NodePath("HUD/Doggo/Doggo/Tail:position:x")
tracks/17/interp = 1
tracks/17/loop_wrap = true
tracks/17/imported = false
tracks/17/enabled = true
tracks/17/keys = {
"points": PoolRealArray( 480, -0.25, 0, 0.25, 0 ),
"times": PoolRealArray( 0 )
}
tracks/18/type = "bezier"
tracks/18/path = NodePath("HUD/Doggo/Doggo/Tail:position:y")
tracks/18/interp = 1
tracks/18/loop_wrap = true
tracks/18/imported = false
tracks/18/enabled = true
tracks/18/keys = {
"points": PoolRealArray( 270, -0.25, 0, 0.25, 0 ),
"times": PoolRealArray( 0 )
}
tracks/19/type = "bezier"
tracks/19/path = NodePath("HUD/Doggo/Doggo/Tail:scale:x")
tracks/19/interp = 1
tracks/19/loop_wrap = true
tracks/19/imported = false
tracks/19/enabled = true
tracks/19/keys = {
"points": PoolRealArray( 0.52, -0.25, 0, 0.25, 0 ),
"times": PoolRealArray( 0 )
}
tracks/20/type = "bezier"
tracks/20/path = NodePath("HUD/Doggo/Doggo/Tail:scale:y")
tracks/20/interp = 1
tracks/20/loop_wrap = true
tracks/20/imported = false
tracks/20/enabled = true
tracks/20/keys = {
"points": PoolRealArray( 0.48, -0.25, 0, 0.25, 0 ),
"times": PoolRealArray( 0 )
}
tracks/21/type = "bezier"
tracks/21/path = NodePath("HUD/Doggo/BackDoggo:position:x")
tracks/21/interp = 1
tracks/21/loop_wrap = true
tracks/21/imported = false
tracks/21/enabled = true
tracks/21/keys = {
"points": PoolRealArray( 0, -0.25, 0, 0.25, 0 ),
"times": PoolRealArray( 0 )
}
tracks/22/type = "bezier"
tracks/22/path = NodePath("HUD/Doggo/BackDoggo:position:y")
tracks/22/interp = 1
tracks/22/loop_wrap = true
tracks/22/imported = false
tracks/22/enabled = true
tracks/22/keys = {
"points": PoolRealArray( 467, -0.25, 0, 0.25, 0 ),
"times": PoolRealArray( 0 )
}
tracks/23/type = "value"
tracks/23/path = NodePath("HUD/Doggo/BackDoggo:visible")
tracks/23/interp = 1
tracks/23/loop_wrap = true
tracks/23/imported = false
tracks/23/enabled = true
tracks/23/keys = {
"times": PoolRealArray( 0 ),
"transitions": PoolRealArray( 1 ),
"update": 0,
"values": [ false ]
}
tracks/24/type = "value"
tracks/24/path = NodePath("HUD/Doggo/Doggo/Face:visible")
tracks/24/interp = 1
tracks/24/loop_wrap = true
tracks/24/imported = false
tracks/24/enabled = true
tracks/24/keys = {
"times": PoolRealArray( 0, 1, 2.5 ),
"transitions": PoolRealArray( 1, 1, 1 ),
"update": 1,
"values": [ true, false, true ]
}
tracks/25/type = "value"
tracks/25/path = NodePath("HUD/Doggo/Doggo/PetFace:visible")
tracks/25/interp = 1
tracks/25/loop_wrap = true
tracks/25/imported = false
tracks/25/enabled = true
tracks/25/keys = {
"times": PoolRealArray( 0, 1, 2.5 ),
"transitions": PoolRealArray( 1, 1, 1 ),
"update": 1,
"values": [ false, true, false ]
}
tracks/26/type = "bezier"
tracks/26/path = NodePath("HUD/Doggo/PetHand:position:x")
tracks/26/interp = 1
tracks/26/loop_wrap = true
tracks/26/imported = false
tracks/26/enabled = true
tracks/26/keys = {
"points": PoolRealArray( 947, -0.25, 0, 0.25, 0, 803, -0.2, 80.238, 0.2, -80.238, 487, -0.25, 0, 0.25, 0, 439, -0.25, 0, 0.25, 0, 505, -0.25, 0, 0.25, 0, 501, -0.25, 0, 0.25, 0, 731, -0.25, 0, 0.25, 0 ),
"times": PoolRealArray( 0, 0.4, 0.8, 1.3, 1.8, 2, 2.5 )
}
tracks/27/type = "bezier"
tracks/27/path = NodePath("HUD/Doggo/PetHand:position:y")
tracks/27/interp = 1
tracks/27/loop_wrap = true
tracks/27/imported = false
tracks/27/enabled = true
tracks/27/keys = {
"points": PoolRealArray( 678, -0.25, 0, 0.25, 0, 349, -0.1, 34.5941, 0.1, -34.5941, 262, -0.25, 0, 0.25, 0, 261, -0.25, 0, 0.25, 0, 288, -0.25, 0, 0.25, 0, 290, -0.25, 0, 0.25, 0, 733, -0.25, 0, 0.25, 0 ),
"times": PoolRealArray( 0, 0.4, 0.8, 1.3, 1.8, 2, 2.5 )
}
tracks/28/type = "value"
tracks/28/path = NodePath("HUD/Doggo/PetHand:visible")
tracks/28/interp = 1
tracks/28/loop_wrap = true
tracks/28/imported = false
tracks/28/enabled = true
tracks/28/keys = {
"times": PoolRealArray( 0, 2.5 ),
"transitions": PoolRealArray( 1, 1 ),
"update": 1,
"values": [ true, false ]
}
tracks/29/type = "bezier"
tracks/29/path = NodePath("HUD/Doggo/PetHand:rotation_degrees")
tracks/29/interp = 1
tracks/29/loop_wrap = true
tracks/29/imported = false
tracks/29/enabled = true
tracks/29/keys = {
"points": PoolRealArray( 0, -0.25, 0, 0.25, 0, 0, -0.25, 0, 0.25, 0, -4.95496, -0.25, 0, 0.25, 0, 5, -0.25, 0, 0.25, 0, 5.5, -0.25, 0, 0.25, 0 ),
"times": PoolRealArray( 0, 0.8, 1.3, 1.8, 2 )
}
tracks/30/type = "bezier"
tracks/30/path = NodePath("HUD/Doggo/Doggo/EarLeft:rotation_degrees")
tracks/30/interp = 1
tracks/30/loop_wrap = true
tracks/30/imported = false
tracks/30/enabled = true
tracks/30/keys = {
"points": PoolRealArray( 0, -0.25, 0, 0.25, 0, 0, -0.25, 0, 0.25, 0, -9.88524, -0.25, 0, 0.25, 0, 0, -0.25, 0, 0.25, 0 ),
"times": PoolRealArray( 0, 0.9, 1.3, 1.7 )
}
tracks/31/type = "bezier"
tracks/31/path = NodePath("HUD/Doggo/Doggo/EarRight:rotation_degrees")
tracks/31/interp = 1
tracks/31/loop_wrap = true
tracks/31/imported = false
tracks/31/enabled = true
tracks/31/keys = {
"points": PoolRealArray( 0, -0.25, 0, 0.25, 0, 0, -0.25, 0, 0.25, 0, -5.42363, -0.25, 0, 0.25, 0, 5.69561, -0.25, 0, 0.25, 0, 5.69561, -0.25, 0, 0.25, 0, 0, -0.25, 0, 0.25, 0 ),
"times": PoolRealArray( 0, 1, 1.4, 1.7, 2, 2.5 )
}
tracks/32/type = "bezier"
tracks/32/path = NodePath("HUD/Doggo/Doggo/Face:position:x")
tracks/32/interp = 1
tracks/32/loop_wrap = true
tracks/32/imported = false
tracks/32/enabled = true
tracks/32/keys = {
"points": PoolRealArray( 480, -0.25, 0, 0.25, 0 ),
"times": PoolRealArray( 1 )
}
tracks/33/type = "bezier"
tracks/33/path = NodePath("HUD/Doggo/Doggo/Face:position:y")
tracks/33/interp = 1
tracks/33/loop_wrap = true
tracks/33/imported = false
tracks/33/enabled = true
tracks/33/keys = {
"points": PoolRealArray( 270, -0.25, 0, 0.25, 0 ),
"times": PoolRealArray( 1 )
}
tracks/34/type = "bezier"
tracks/34/path = NodePath("HUD/Doggo/Doggo/Face:scale:x")
tracks/34/interp = 1
tracks/34/loop_wrap = true
tracks/34/imported = false
tracks/34/enabled = true
tracks/34/keys = {
"points": PoolRealArray( 0.5, -0.25, 0, 0.25, 0 ),
"times": PoolRealArray( 1 )
}
tracks/35/type = "bezier"
tracks/35/path = NodePath("HUD/Doggo/Doggo/Face:scale:y")
tracks/35/interp = 1
tracks/35/loop_wrap = true
tracks/35/imported = false
tracks/35/enabled = true
tracks/35/keys = {
"points": PoolRealArray( 0.5, -0.25, 0, 0.25, 0 ),
"times": PoolRealArray( 1 )
}

[sub_resource type="Animation" id=3]
length = 0.001
tracks/0/type = "value"
tracks/0/path = NodePath("HUD/Doggo/Doggo:position")
tracks/0/interp = 1
tracks/0/loop_wrap = true
tracks/0/imported = false
tracks/0/enabled = true
tracks/0/keys = {
"times": PoolRealArray( 0 ),
"transitions": PoolRealArray( 1 ),
"update": 0,
"values": [ Vector2( 0, 0 ) ]
}
tracks/1/type = "bezier"
tracks/1/path = NodePath("HUD/Doggo/Doggo:position:x")
tracks/1/interp = 1
tracks/1/loop_wrap = true
tracks/1/imported = false
tracks/1/enabled = true
tracks/1/keys = {
"points": PoolRealArray( 0, -0.25, 0, 0.25, 0 ),
"times": PoolRealArray( 0 )
}
tracks/2/type = "bezier"
tracks/2/path = NodePath("HUD/Doggo/Doggo:position:y")
tracks/2/interp = 1
tracks/2/loop_wrap = true
tracks/2/imported = false
tracks/2/enabled = true
tracks/2/keys = {
"points": PoolRealArray( 48, -0.25, 0, 0.25, 0 ),
"times": PoolRealArray( 0 )
}
tracks/3/type = "bezier"
tracks/3/path = NodePath("HUD/Doggo/Doggo:scale:x")
tracks/3/interp = 1
tracks/3/loop_wrap = true
tracks/3/imported = false
tracks/3/enabled = true
tracks/3/keys = {
"points": PoolRealArray( 1, -0.25, 0, 0.25, 0 ),
"times": PoolRealArray( 0 )
}
tracks/4/type = "bezier"
tracks/4/path = NodePath("HUD/Doggo/Doggo:scale:y")
tracks/4/interp = 1
tracks/4/loop_wrap = true
tracks/4/imported = false
tracks/4/enabled = true
tracks/4/keys = {
"points": PoolRealArray( 1, -0.25, 0, 0.25, 0 ),
"times": PoolRealArray( 0 )
}
tracks/5/type = "bezier"
tracks/5/path = NodePath("HUD/Doggo/Doggo/PawLeft:position:x")
tracks/5/interp = 1
tracks/5/loop_wrap = true
tracks/5/imported = false
tracks/5/enabled = true
tracks/5/keys = {
"points": PoolRealArray( 480, -0.25, 0, 0.25, 0 ),
"times": PoolRealArray( 0 )
}
tracks/6/type = "bezier"
tracks/6/path = NodePath("HUD/Doggo/Doggo/PawLeft:position:y")
tracks/6/interp = 1
tracks/6/loop_wrap = true
tracks/6/imported = false
tracks/6/enabled = true
tracks/6/keys = {
"points": PoolRealArray( 279.643, -0.25, 0, 0.25, 0 ),
"times": PoolRealArray( 0 )
}
tracks/7/type = "bezier"
tracks/7/path = NodePath("HUD/Doggo/Doggo/PawRight:position:x")
tracks/7/interp = 1
tracks/7/loop_wrap = true
tracks/7/imported = false
tracks/7/enabled = true
tracks/7/keys = {
"points": PoolRealArray( 480, -0.25, 0, 0.25, 0 ),
"times": PoolRealArray( 0 )
}
tracks/8/type = "bezier"
tracks/8/path = NodePath("HUD/Doggo/Doggo/PawRight:position:y")
tracks/8/interp = 1
tracks/8/loop_wrap = true
tracks/8/imported = false
tracks/8/enabled = true
tracks/8/keys = {
"points": PoolRealArray( 270, -0.25, 0, 0.25, 0 ),
"times": PoolRealArray( 0 )
}
tracks/9/type = "bezier"
tracks/9/path = NodePath("HUD/Doggo/Doggo/EarLeft:position:x")
tracks/9/interp = 1
tracks/9/loop_wrap = true
tracks/9/imported = false
tracks/9/enabled = true
tracks/9/keys = {
"points": PoolRealArray( 480, -0.25, 0, 0.25, 0 ),
"times": PoolRealArray( 0 )
}
tracks/10/type = "bezier"
tracks/10/path = NodePath("HUD/Doggo/Doggo/EarLeft:position:y")
tracks/10/interp = 1
tracks/10/loop_wrap = true
tracks/10/imported = false
tracks/10/enabled = true
tracks/10/keys = {
"points": PoolRealArray( 277.717, -0.25, 0, 0.25, 0 ),
"times": PoolRealArray( 0 )
}
tracks/11/type = "bezier"
tracks/11/path = NodePath("HUD/Doggo/Doggo/EarRight:position:x")
tracks/11/interp = 1
tracks/11/loop_wrap = true
tracks/11/imported = false
tracks/11/enabled = true
tracks/11/keys = {
"points": PoolRealArray( 480, -0.25, 0, 0.25, 0 ),
"times": PoolRealArray( 0 )
}
tracks/12/type = "bezier"
tracks/12/path = NodePath("HUD/Doggo/Doggo/EarRight:position:y")
tracks/12/interp = 1
tracks/12/loop_wrap = true
tracks/12/imported = false
tracks/12/enabled = true
tracks/12/keys = {
"points": PoolRealArray( 277.717, -0.25, 0, 0.25, 0 ),
"times": PoolRealArray( 0 )
}
tracks/13/type = "bezier"
tracks/13/path = NodePath("HUD/Doggo/Doggo/EarRight:scale:x")
tracks/13/interp = 1
tracks/13/loop_wrap = true
tracks/13/imported = false
tracks/13/enabled = true
tracks/13/keys = {
"points": PoolRealArray( 0.52, -0.25, 0, 0.25, 0 ),
"times": PoolRealArray( 0 )
}
tracks/14/type = "bezier"
tracks/14/path = NodePath("HUD/Doggo/Doggo/EarRight:scale:y")
tracks/14/interp = 1
tracks/14/loop_wrap = true
tracks/14/imported = false
tracks/14/enabled = true
tracks/14/keys = {
"points": PoolRealArray( 0.45, -0.25, 0, 0.25, 0 ),
"times": PoolRealArray( 0 )
}
tracks/15/type = "bezier"
tracks/15/path = NodePath("HUD/Doggo/Doggo/EarLeft:scale:x")
tracks/15/interp = 1
tracks/15/loop_wrap = true
tracks/15/imported = false
tracks/15/enabled = true
tracks/15/keys = {
"points": PoolRealArray( 0.51, -0.25, 0, 0.25, 0 ),
"times": PoolRealArray( 0 )
}
tracks/16/type = "bezier"
tracks/16/path = NodePath("HUD/Doggo/Doggo/EarLeft:scale:y")
tracks/16/interp = 1
tracks/16/loop_wrap = true
tracks/16/imported = false
tracks/16/enabled = true
tracks/16/keys = {
"points": PoolRealArray( 0.45, -0.25, 0, 0.25, 0 ),
"times": PoolRealArray( 0 )
}
tracks/17/type = "bezier"
tracks/17/path = NodePath("HUD/Doggo/Doggo/Tail:position:x")
tracks/17/interp = 1
tracks/17/loop_wrap = true
tracks/17/imported = false
tracks/17/enabled = true
tracks/17/keys = {
"points": PoolRealArray( 480, -0.25, 0, 0.25, 0 ),
"times": PoolRealArray( 0 )
}
tracks/18/type = "bezier"
tracks/18/path = NodePath("HUD/Doggo/Doggo/Tail:position:y")
tracks/18/interp = 1
tracks/18/loop_wrap = true
tracks/18/imported = false
tracks/18/enabled = true
tracks/18/keys = {
"points": PoolRealArray( 270, -0.25, 0, 0.25, 0 ),
"times": PoolRealArray( 0 )
}
tracks/19/type = "bezier"
tracks/19/path = NodePath("HUD/Doggo/Doggo/Tail:scale:x")
tracks/19/interp = 1
tracks/19/loop_wrap = true
tracks/19/imported = false
tracks/19/enabled = true
tracks/19/keys = {
"points": PoolRealArray( 0.52, -0.25, 0, 0.25, 0 ),
"times": PoolRealArray( 0 )
}
tracks/20/type = "bezier"
tracks/20/path = NodePath("HUD/Doggo/Doggo/Tail:scale:y")
tracks/20/interp = 1
tracks/20/loop_wrap = true
tracks/20/imported = false
tracks/20/enabled = true
tracks/20/keys = {
"points": PoolRealArray( 0.48, -0.25, 0, 0.25, 0 ),
"times": PoolRealArray( 0 )
}
tracks/21/type = "bezier"
tracks/21/path = NodePath("HUD/Doggo/BackDoggo:position:x")
tracks/21/interp = 1
tracks/21/loop_wrap = true
tracks/21/imported = false
tracks/21/enabled = true
tracks/21/keys = {
"points": PoolRealArray( 0, -0.25, 0, 0.25, 0 ),
"times": PoolRealArray( 0 )
}
tracks/22/type = "bezier"
tracks/22/path = NodePath("HUD/Doggo/BackDoggo:position:y")
tracks/22/interp = 1
tracks/22/loop_wrap = true
tracks/22/imported = false
tracks/22/enabled = true
tracks/22/keys = {
"points": PoolRealArray( 467, -0.25, 0, 0.25, 0 ),
"times": PoolRealArray( 0 )
}
tracks/23/type = "value"
tracks/23/path = NodePath("HUD/Doggo/BackDoggo:visible")
tracks/23/interp = 1
tracks/23/loop_wrap = true
tracks/23/imported = false
tracks/23/enabled = true
tracks/23/keys = {
"times": PoolRealArray( 0 ),
"transitions": PoolRealArray( 1 ),
"update": 0,
"values": [ true ]
}
tracks/24/type = "value"
tracks/24/path = NodePath("HUD/Doggo/Doggo/PetFace:visible")
tracks/24/interp = 1
tracks/24/loop_wrap = true
tracks/24/imported = false
tracks/24/enabled = true
tracks/24/keys = {
"times": PoolRealArray( 0 ),
"transitions": PoolRealArray( 1 ),
"update": 0,
"values": [ false ]
}
tracks/25/type = "value"
tracks/25/path = NodePath("HUD/Doggo/PetHand:visible")
tracks/25/interp = 1
tracks/25/loop_wrap = true
tracks/25/imported = false
tracks/25/enabled = true
tracks/25/keys = {
"times": PoolRealArray( 0 ),
"transitions": PoolRealArray( 1 ),
"update": 0,
"values": [ true ]
}
tracks/26/type = "bezier"
tracks/26/path = NodePath("HUD/Doggo/PetHand:position:x")
tracks/26/interp = 1
tracks/26/loop_wrap = true
tracks/26/imported = false
tracks/26/enabled = true
tracks/26/keys = {
"points": PoolRealArray( 947, -0.25, 0, 0.25, 0 ),
"times": PoolRealArray( 0 )
}
tracks/27/type = "bezier"
tracks/27/path = NodePath("HUD/Doggo/PetHand:position:y")
tracks/27/interp = 1
tracks/27/loop_wrap = true
tracks/27/imported = false
tracks/27/enabled = true
tracks/27/keys = {
"points": PoolRealArray( 678, -0.25, 0, 0.25, 0 ),
"times": PoolRealArray( 0 )
}
tracks/28/type = "bezier"
tracks/28/path = NodePath("HUD/Doggo/PetHand:rotation_degrees")
tracks/28/interp = 1
tracks/28/loop_wrap = true
tracks/28/imported = false
tracks/28/enabled = true
tracks/28/keys = {
"points": PoolRealArray( 0, -0.25, 0, 0.25, 0 ),
"times": PoolRealArray( 0 )
}
tracks/29/type = "bezier"
tracks/29/path = NodePath("HUD/Doggo/Doggo/EarLeft:rotation_degrees")
tracks/29/interp = 1
tracks/29/loop_wrap = true
tracks/29/imported = false
tracks/29/enabled = true
tracks/29/keys = {
"points": PoolRealArray( 0, -0.25, 0, 0.25, 0 ),
"times": PoolRealArray( 0 )
}
tracks/30/type = "bezier"
tracks/30/path = NodePath("HUD/Doggo/Doggo/EarRight:rotation_degrees")
tracks/30/interp = 1
tracks/30/loop_wrap = true
tracks/30/imported = false
tracks/30/enabled = true
tracks/30/keys = {
"points": PoolRealArray( 0, -0.25, 0, 0.25, 0 ),
"times": PoolRealArray( 0 )
}
tracks/31/type = "bezier"
tracks/31/path = NodePath("HUD/Doggo/Doggo/Head:position:x")
tracks/31/interp = 1
tracks/31/loop_wrap = true
tracks/31/imported = false
tracks/31/enabled = true
tracks/31/keys = {
"points": PoolRealArray( 480, -0.25, 0, 0.25, 0 ),
"times": PoolRealArray( 0 )
}
tracks/32/type = "bezier"
tracks/32/path = NodePath("HUD/Doggo/Doggo/Head:position:y")
tracks/32/interp = 1
tracks/32/loop_wrap = true
tracks/32/imported = false
tracks/32/enabled = true
tracks/32/keys = {
"points": PoolRealArray( 270, -0.25, 0, 0.25, 0 ),
"times": PoolRealArray( 0 )
}
tracks/33/type = "bezier"
tracks/33/path = NodePath("HUD/Doggo/Doggo/Head:scale:x")
tracks/33/interp = 1
tracks/33/loop_wrap = true
tracks/33/imported = false
tracks/33/enabled = true
tracks/33/keys = {
"points": PoolRealArray( 0.52, -0.25, 0, 0.25, 0 ),
"times": PoolRealArray( 0 )
}
tracks/34/type = "bezier"
tracks/34/path = NodePath("HUD/Doggo/Doggo/Head:scale:y")
tracks/34/interp = 1
tracks/34/loop_wrap = true
tracks/34/imported = false
tracks/34/enabled = true
tracks/34/keys = {
"points": PoolRealArray( 0.5, -0.25, 0, 0.25, 0 ),
"times": PoolRealArray( 0 )
}
tracks/35/type = "value"
tracks/35/path = NodePath("HUD/Doggo/BackDoggo:position")
tracks/35/interp = 1
tracks/35/loop_wrap = true
tracks/35/imported = false
tracks/35/enabled = true
tracks/35/keys = {
"times": PoolRealArray( 0 ),
"transitions": PoolRealArray( 1 ),
"update": 0,
"values": [ Vector2( 0, 467 ) ]
}

[sub_resource type="Animation" id=5]
resource_name = "Show"
length = 0.3
step = 0.01
tracks/0/type = "bezier"
tracks/0/path = NodePath("HUD/Doggo/Doggo:position:x")
tracks/0/interp = 1
tracks/0/loop_wrap = true
tracks/0/imported = false
tracks/0/enabled = true
tracks/0/keys = {
"points": PoolRealArray( 0, -0.02, 1.7793, 0.02, -1.7793, 129, -0.08, -1.79843, 0.08, 1.79843, 129, -0.06, -5.36794, 0.06, 5.36794 ),
"times": PoolRealArray( 0, 0.15, 0.3 )
}
tracks/1/type = "bezier"
tracks/1/path = NodePath("HUD/Doggo/Doggo:position:y")
tracks/1/interp = 1
tracks/1/loop_wrap = true
tracks/1/imported = false
tracks/1/enabled = true
tracks/1/keys = {
"points": PoolRealArray( 48, -0.07, -3.96843, 0.07, 3.96843, 501.715, -0.07, -3.05176e-05, 0.07, 3.05176e-05, 500, -0.05, -0.0215454, 0.25, 0 ),
"times": PoolRealArray( 0, 0.15, 0.3 )
}
tracks/2/type = "bezier"
tracks/2/path = NodePath("HUD/Doggo/Doggo:scale:x")
tracks/2/interp = 1
tracks/2/loop_wrap = true
tracks/2/imported = false
tracks/2/enabled = true
tracks/2/keys = {
"points": PoolRealArray( 1, -0.25, 0, 0.25, 0 ),
"times": PoolRealArray( 0 )
}
tracks/3/type = "bezier"
tracks/3/path = NodePath("HUD/Doggo/Doggo:scale:y")
tracks/3/interp = 1
tracks/3/loop_wrap = true
tracks/3/imported = false
tracks/3/enabled = true
tracks/3/keys = {
"points": PoolRealArray( 1, -0.25, 0, 0.25, 0 ),
"times": PoolRealArray( 0 )
}
tracks/4/type = "bezier"
tracks/4/path = NodePath("HUD/Doggo/Doggo/PawLeft:position:x")
tracks/4/interp = 1
tracks/4/loop_wrap = true
tracks/4/imported = false
tracks/4/enabled = true
tracks/4/keys = {
"points": PoolRealArray( 480, -0.25, 0, 0.25, 0 ),
"times": PoolRealArray( 0 )
}
tracks/5/type = "bezier"
tracks/5/path = NodePath("HUD/Doggo/Doggo/PawLeft:position:y")
tracks/5/interp = 1
tracks/5/loop_wrap = true
tracks/5/imported = false
tracks/5/enabled = true
tracks/5/keys = {
"points": PoolRealArray( 279.643, -0.25, 0, 0.25, 0 ),
"times": PoolRealArray( 0 )
}
tracks/6/type = "bezier"
tracks/6/path = NodePath("HUD/Doggo/Doggo/PawRight:position:x")
tracks/6/interp = 1
tracks/6/loop_wrap = true
tracks/6/imported = false
tracks/6/enabled = true
tracks/6/keys = {
"points": PoolRealArray( 480, -0.25, 0, 0.25, 0 ),
"times": PoolRealArray( 0 )
}
tracks/7/type = "bezier"
tracks/7/path = NodePath("HUD/Doggo/Doggo/PawRight:position:y")
tracks/7/interp = 1
tracks/7/loop_wrap = true
tracks/7/imported = false
tracks/7/enabled = true
tracks/7/keys = {
"points": PoolRealArray( 270, -0.25, 0, 0.25, 0 ),
"times": PoolRealArray( 0 )
}
tracks/8/type = "bezier"
tracks/8/path = NodePath("HUD/Doggo/Doggo/EarLeft:position:x")
tracks/8/interp = 1
tracks/8/loop_wrap = true
tracks/8/imported = false
tracks/8/enabled = true
tracks/8/keys = {
"points": PoolRealArray( 480, -0.25, 0, 0.25, 0 ),
"times": PoolRealArray( 0 )
}
tracks/9/type = "bezier"
tracks/9/path = NodePath("HUD/Doggo/Doggo/EarLeft:position:y")
tracks/9/interp = 1
tracks/9/loop_wrap = true
tracks/9/imported = false
tracks/9/enabled = true
tracks/9/keys = {
"points": PoolRealArray( 277.717, -0.25, 0, 0.25, 0 ),
"times": PoolRealArray( 0 )
}
tracks/10/type = "bezier"
tracks/10/path = NodePath("HUD/Doggo/Doggo/EarRight:position:x")
tracks/10/interp = 1
tracks/10/loop_wrap = true
tracks/10/imported = false
tracks/10/enabled = true
tracks/10/keys = {
"points": PoolRealArray( 480, -0.25, 0, 0.25, 0 ),
"times": PoolRealArray( 0 )
}
tracks/11/type = "bezier"
tracks/11/path = NodePath("HUD/Doggo/Doggo/EarRight:position:y")
tracks/11/interp = 1
tracks/11/loop_wrap = true
tracks/11/imported = false
tracks/11/enabled = true
tracks/11/keys = {
"points": PoolRealArray( 270, -0.25, 0, 0.25, 0 ),
"times": PoolRealArray( 0 )
}
tracks/12/type = "bezier"
tracks/12/path = NodePath("HUD/Doggo/Doggo/EarRight:scale:x")
tracks/12/interp = 1
tracks/12/loop_wrap = true
tracks/12/imported = false
tracks/12/enabled = true
tracks/12/keys = {
"points": PoolRealArray( 0.5, -0.25, 0, 0.25, 0 ),
"times": PoolRealArray( 0 )
}
tracks/13/type = "bezier"
tracks/13/path = NodePath("HUD/Doggo/Doggo/EarRight:scale:y")
tracks/13/interp = 1
tracks/13/loop_wrap = true
tracks/13/imported = false
tracks/13/enabled = true
tracks/13/keys = {
"points": PoolRealArray( 0.5, -0.25, 0, 0.25, 0 ),
"times": PoolRealArray( 0 )
}
tracks/14/type = "bezier"
tracks/14/path = NodePath("HUD/Doggo/Doggo/EarLeft:scale:x")
tracks/14/interp = 1
tracks/14/loop_wrap = true
tracks/14/imported = false
tracks/14/enabled = true
tracks/14/keys = {
"points": PoolRealArray( 0.5, -0.25, 0, 0.25, 0 ),
"times": PoolRealArray( 0 )
}
tracks/15/type = "bezier"
tracks/15/path = NodePath("HUD/Doggo/Doggo/EarLeft:scale:y")
tracks/15/interp = 1
tracks/15/loop_wrap = true
tracks/15/imported = false
tracks/15/enabled = true
tracks/15/keys = {
"points": PoolRealArray( 0.5, -0.25, 0, 0.25, 0 ),
"times": PoolRealArray( 0 )
}
tracks/16/type = "bezier"
tracks/16/path = NodePath("HUD/Doggo/Doggo/Tail:position:x")
tracks/16/interp = 1
tracks/16/loop_wrap = true
tracks/16/imported = false
tracks/16/enabled = true
tracks/16/keys = {
"points": PoolRealArray( 480, -0.25, 0, 0.25, 0 ),
"times": PoolRealArray( 0 )
}
tracks/17/type = "bezier"
tracks/17/path = NodePath("HUD/Doggo/Doggo/Tail:position:y")
tracks/17/interp = 1
tracks/17/loop_wrap = true
tracks/17/imported = false
tracks/17/enabled = true
tracks/17/keys = {
"points": PoolRealArray( 270, -0.25, 0, 0.25, 0 ),
"times": PoolRealArray( 0 )
}
tracks/18/type = "bezier"
tracks/18/path = NodePath("HUD/Doggo/Doggo/Tail:scale:x")
tracks/18/interp = 1
tracks/18/loop_wrap = true
tracks/18/imported = false
tracks/18/enabled = true
tracks/18/keys = {
"points": PoolRealArray( 0.5, -0.25, 0, 0.25, 0 ),
"times": PoolRealArray( 0 )
}
tracks/19/type = "bezier"
tracks/19/path = NodePath("HUD/Doggo/Doggo/Tail:scale:y")
tracks/19/interp = 1
tracks/19/loop_wrap = true
tracks/19/imported = false
tracks/19/enabled = true
tracks/19/keys = {
"points": PoolRealArray( 0.5, -0.25, 0, 0.25, 0 ),
"times": PoolRealArray( 0 )
}
tracks/20/type = "bezier"
tracks/20/path = NodePath("HUD/Doggo/PetHand:position:x")
tracks/20/interp = 1
tracks/20/loop_wrap = true
tracks/20/imported = false
tracks/20/enabled = true
tracks/20/keys = {
"points": PoolRealArray( 480, -0.25, 0, 0.25, 0 ),
"times": PoolRealArray( 0 )
}
tracks/21/type = "bezier"
tracks/21/path = NodePath("HUD/Doggo/PetHand:position:y")
tracks/21/interp = 1
tracks/21/loop_wrap = true
tracks/21/imported = false
tracks/21/enabled = true
tracks/21/keys = {
"points": PoolRealArray( 270, -0.25, 0, 0.25, 0 ),
"times": PoolRealArray( 0 )
}
tracks/22/type = "value"
tracks/22/path = NodePath("HUD/Doggo/PetHand:visible")
tracks/22/interp = 1
tracks/22/loop_wrap = true
tracks/22/imported = false
tracks/22/enabled = true
tracks/22/keys = {
"times": PoolRealArray( 0 ),
"transitions": PoolRealArray( 1 ),
"update": 1,
"values": [ false ]
}
tracks/23/type = "bezier"
tracks/23/path = NodePath("HUD/Doggo/BackDoggo:position:x")
tracks/23/interp = 1
tracks/23/loop_wrap = true
tracks/23/imported = false
tracks/23/enabled = true
tracks/23/keys = {
"points": PoolRealArray( 0, -0.25, 0, 0.25, 0, 0, -0.25, 0, 0.25, 0, -16, -0.25, 0, 0.25, 0 ),
"times": PoolRealArray( 0, 0.1, 0.3 )
}
tracks/24/type = "bezier"
tracks/24/path = NodePath("HUD/Doggo/BackDoggo:position:y")
tracks/24/interp = 1
tracks/24/loop_wrap = true
tracks/24/imported = false
tracks/24/enabled = true
tracks/24/keys = {
"points": PoolRealArray( 467, -0.25, 0, 0.25, 0, 467, -0.25, 0, 0.25, 0, 15, -0.25, 0, 0.25, 0 ),
"times": PoolRealArray( 0, 0.1, 0.3 )
}
tracks/25/type = "value"
tracks/25/path = NodePath("HUD/Doggo/BackDoggo:visible")
tracks/25/interp = 1
tracks/25/loop_wrap = true
tracks/25/imported = false
tracks/25/enabled = true
tracks/25/keys = {
"times": PoolRealArray( 0, 0.3 ),
"transitions": PoolRealArray( 1, 1 ),
"update": 1,
"values": [ true, true ]
}

[sub_resource type="Animation" id=4]
resource_name = "Walk"
length = 1.2
loop = true
tracks/0/type = "bezier"
tracks/0/path = NodePath("HUD/Doggo/Doggo:scale:x")
tracks/0/interp = 1
tracks/0/loop_wrap = true
tracks/0/imported = false
tracks/0/enabled = true
tracks/0/keys = {
"points": PoolRealArray( 1, -0.25, 0, 0.25, 0, 1, -0.25, 0, 0.25, 0, 1, -0.25, 0, 0.25, 0, 1, -0.25, 0, 0.25, 0, 1, -0.25, 0, 0.25, 0 ),
"times": PoolRealArray( 0, 0.3, 0.6, 0.9, 1.2 )
}
tracks/1/type = "bezier"
tracks/1/path = NodePath("HUD/Doggo/Doggo:scale:y")
tracks/1/interp = 1
tracks/1/loop_wrap = true
tracks/1/imported = false
tracks/1/enabled = true
tracks/1/keys = {
"points": PoolRealArray( 1, -0.25, 0, 0.25, 0, 1, -0.25, 0, 0.25, 0, 1, -0.25, 0, 0.25, 0, 1, -0.25, 0, 0.25, 0, 1, -0.25, 0, 0.25, 0 ),
"times": PoolRealArray( 0, 0.3, 0.6, 0.9, 1.2 )
}
tracks/2/type = "bezier"
tracks/2/path = NodePath("HUD/Doggo/Doggo:position:x")
tracks/2/interp = 1
tracks/2/loop_wrap = true
tracks/2/imported = false
tracks/2/enabled = true
tracks/2/keys = {
"points": PoolRealArray( 24, -0.25, 0, 0.25, 0, -43, -0.25, 0, 0.25, 0, 24, -0.25, 0, 0.25, 0 ),
"times": PoolRealArray( 0, 0.6, 1.2 )
}
tracks/3/type = "bezier"
tracks/3/path = NodePath("HUD/Doggo/Doggo:position:y")
tracks/3/interp = 1
tracks/3/loop_wrap = true
tracks/3/imported = false
tracks/3/enabled = true
tracks/3/keys = {
"points": PoolRealArray( 48, -0.142633, 0.103752, 0.142633, -0.103752, 5, -0.25, 0, 0.25, 0, 48, -0.14765, 0.00839996, 0.14765, -0.00839996, 5, -0.25, 0, 0.25, 0, 48, -0.142633, 0.103752, 0.142633, -0.103752 ),
"times": PoolRealArray( 0, 0.3, 0.6, 0.9, 1.2 )
}
tracks/4/type = "bezier"
tracks/4/path = NodePath("HUD/Doggo/Doggo/PawLeft:position:x")
tracks/4/interp = 1
tracks/4/loop_wrap = true
tracks/4/imported = false
tracks/4/enabled = true
tracks/4/keys = {
"points": PoolRealArray( 480, -0.25, 0, 0.25, 0 ),
"times": PoolRealArray( 0 )
}
tracks/5/type = "bezier"
tracks/5/path = NodePath("HUD/Doggo/Doggo/PawLeft:position:y")
tracks/5/interp = 1
tracks/5/loop_wrap = true
tracks/5/imported = false
tracks/5/enabled = true
tracks/5/keys = {
"points": PoolRealArray( 270, -0.25, 0, 0.25, 0 ),
"times": PoolRealArray( 0 )
}
tracks/6/type = "bezier"
tracks/6/path = NodePath("HUD/Doggo/Doggo/PawRight:position:x")
tracks/6/interp = 1
tracks/6/loop_wrap = true
tracks/6/imported = false
tracks/6/enabled = true
tracks/6/keys = {
"points": PoolRealArray( 480, -0.25, 0, 0.25, 0 ),
"times": PoolRealArray( 0 )
}
tracks/7/type = "bezier"
tracks/7/path = NodePath("HUD/Doggo/Doggo/PawRight:position:y")
tracks/7/interp = 1
tracks/7/loop_wrap = true
tracks/7/imported = false
tracks/7/enabled = true
tracks/7/keys = {
"points": PoolRealArray( 270, -0.25, 0, 0.25, 0 ),
"times": PoolRealArray( 0 )
}
tracks/8/type = "bezier"
tracks/8/path = NodePath("HUD/Doggo/Doggo/Tail:position:x")
tracks/8/interp = 1
tracks/8/loop_wrap = true
tracks/8/imported = false
tracks/8/enabled = true
tracks/8/keys = {
"points": PoolRealArray( 480, -0.25, 0, 0.25, 0, 527, -0.25, 0, 0.25, 0, 480, -0.25, 0, 0.25, 0 ),
"times": PoolRealArray( 0, 0.6, 1.2 )
}
tracks/9/type = "bezier"
tracks/9/path = NodePath("HUD/Doggo/Doggo/Tail:position:y")
tracks/9/interp = 1
tracks/9/loop_wrap = true
tracks/9/imported = false
tracks/9/enabled = true
tracks/9/keys = {
"points": PoolRealArray( 270, -0.25, 0, 0.25, 0, 270, -0.25, 0, 0.25, 0 ),
"times": PoolRealArray( 0, 0.6 )
}
tracks/10/type = "bezier"
tracks/10/path = NodePath("HUD/Doggo/Doggo/EarLeft:position:x")
tracks/10/interp = 1
tracks/10/loop_wrap = true
tracks/10/imported = false
tracks/10/enabled = true
tracks/10/keys = {
"points": PoolRealArray( 480, -0.25, 0, 0.25, 0 ),
"times": PoolRealArray( 0 )
}
tracks/11/type = "bezier"
tracks/11/path = NodePath("HUD/Doggo/Doggo/EarLeft:position:y")
tracks/11/interp = 1
tracks/11/loop_wrap = true
tracks/11/imported = false
tracks/11/enabled = true
tracks/11/keys = {
"points": PoolRealArray( 270, -0.25, 0, 0.25, 0 ),
"times": PoolRealArray( 0 )
}
tracks/12/type = "bezier"
tracks/12/path = NodePath("HUD/Doggo/Doggo/EarRight:position:x")
tracks/12/interp = 1
tracks/12/loop_wrap = true
tracks/12/imported = false
tracks/12/enabled = true
tracks/12/keys = {
"points": PoolRealArray( 480, -0.25, 0, 0.25, 0 ),
"times": PoolRealArray( 0 )
}
tracks/13/type = "bezier"
tracks/13/path = NodePath("HUD/Doggo/Doggo/EarRight:position:y")
tracks/13/interp = 1
tracks/13/loop_wrap = true
tracks/13/imported = false
tracks/13/enabled = true
tracks/13/keys = {
"points": PoolRealArray( 270, -0.25, 0, 0.25, 0 ),
"times": PoolRealArray( 0 )
}
tracks/14/type = "bezier"
tracks/14/path = NodePath("HUD/Doggo/Doggo/EarRight:scale:x")
tracks/14/interp = 1
tracks/14/loop_wrap = true
tracks/14/imported = false
tracks/14/enabled = true
tracks/14/keys = {
"points": PoolRealArray( 0.5, -0.25, 0, 0.25, 0 ),
"times": PoolRealArray( 0 )
}
tracks/15/type = "bezier"
tracks/15/path = NodePath("HUD/Doggo/Doggo/EarRight:scale:y")
tracks/15/interp = 1
tracks/15/loop_wrap = true
tracks/15/imported = false
tracks/15/enabled = true
tracks/15/keys = {
"points": PoolRealArray( 0.5, -0.25, 0, 0.25, 0 ),
"times": PoolRealArray( 0 )
}
tracks/16/type = "bezier"
tracks/16/path = NodePath("HUD/Doggo/Doggo/EarLeft:scale:x")
tracks/16/interp = 1
tracks/16/loop_wrap = true
tracks/16/imported = false
tracks/16/enabled = true
tracks/16/keys = {
"points": PoolRealArray( 0.5, -0.25, 0, 0.25, 0 ),
"times": PoolRealArray( 0 )
}
tracks/17/type = "bezier"
tracks/17/path = NodePath("HUD/Doggo/Doggo/EarLeft:scale:y")
tracks/17/interp = 1
tracks/17/loop_wrap = true
tracks/17/imported = false
tracks/17/enabled = true
tracks/17/keys = {
"points": PoolRealArray( 0.5, -0.25, 0, 0.25, 0 ),
"times": PoolRealArray( 0 )
}
tracks/18/type = "bezier"
tracks/18/path = NodePath("HUD/Doggo/Doggo/Tail:scale:x")
tracks/18/interp = 1
tracks/18/loop_wrap = true
tracks/18/imported = false
tracks/18/enabled = true
tracks/18/keys = {
"points": PoolRealArray( 0.5, -0.25, 0, 0.25, 0 ),
"times": PoolRealArray( 0 )
}
tracks/19/type = "bezier"
tracks/19/path = NodePath("HUD/Doggo/Doggo/Tail:scale:y")
tracks/19/interp = 1
tracks/19/loop_wrap = true
tracks/19/imported = false
tracks/19/enabled = true
tracks/19/keys = {
"points": PoolRealArray( 0.5, -0.25, 0, 0.25, 0 ),
"times": PoolRealArray( 0 )
}
tracks/20/type = "value"
tracks/20/path = NodePath("HUD/Doggo/BackDoggo:visible")
tracks/20/interp = 1
tracks/20/loop_wrap = true
tracks/20/imported = false
tracks/20/enabled = true
tracks/20/keys = {
"times": PoolRealArray( 0 ),
"transitions": PoolRealArray( 1 ),
"update": 1,
"values": [ true ]
}
tracks/21/type = "value"
tracks/21/path = NodePath("HUD/Doggo/BackDoggo:position")
tracks/21/interp = 1
tracks/21/loop_wrap = true
tracks/21/imported = false
tracks/21/enabled = true
tracks/21/keys = {
"times": PoolRealArray( 0 ),
"transitions": PoolRealArray( 1 ),
"update": 0,
"values": [ Vector2( 0, 600 ) ]
}

[sub_resource type="AnimationNodeAnimation" id=26]
animation = "Hide"

[sub_resource type="AnimationNodeAnimation" id=22]
animation = "Idle"

[sub_resource type="AnimationNodeAnimation" id=23]
animation = "Walk"

[sub_resource type="AnimationNodeBlendSpace1D" id=24]
blend_point_0/node = SubResource( 22 )
blend_point_0/pos = 0.0
blend_point_1/node = SubResource( 23 )
blend_point_1/pos = 1.0

[sub_resource type="AnimationNodeAnimation" id=27]
animation = "Pet"

[sub_resource type="AnimationNodeAnimation" id=28]
animation = "Show"

[sub_resource type="AnimationNodeStateMachineTransition" id=29]

[sub_resource type="AnimationNodeStateMachineTransition" id=30]
switch_mode = 2
auto_advance = true

[sub_resource type="AnimationNodeStateMachineTransition" id=31]

[sub_resource type="AnimationNodeStateMachineTransition" id=32]
switch_mode = 2

[sub_resource type="AnimationNodeStateMachineTransition" id=33]
switch_mode = 2
auto_advance = true

[sub_resource type="AnimationNodeStateMachine" id=25]
states/Hide/node = SubResource( 26 )
states/Hide/position = Vector2( 425, 240 )
states/IdleWalk/node = SubResource( 24 )
states/IdleWalk/position = Vector2( 220, 148 )
states/Pet/node = SubResource( 27 )
states/Pet/position = Vector2( 220, 57 )
states/Show/node = SubResource( 28 )
states/Show/position = Vector2( 220, 240 )
transitions = [ "IdleWalk", "Pet", SubResource( 29 ), "Pet", "IdleWalk", SubResource( 30 ), "IdleWalk", "Show", SubResource( 31 ), "Show", "Hide", SubResource( 32 ), "Hide", "IdleWalk", SubResource( 33 ) ]
start_node = "IdleWalk"
graph_offset = Vector2( -34, 4 )

[sub_resource type="AnimationNodeStateMachinePlayback" id=8]

[sub_resource type="Animation" id=37]
resource_name = "Default"
length = 3.0
loop = true
tracks/0/type = "bezier"
tracks/0/path = NodePath(".:scale:x")
tracks/0/interp = 1
tracks/0/loop_wrap = true
tracks/0/imported = false
tracks/0/enabled = true
tracks/0/keys = {
"points": PoolRealArray( 0.5, -0.25, 0, 0.25, 0, 0.65, -0.8, -0.00352776, 0.7, -0.00108987, 0.5, -0.25, 0, 0.25, 0 ),
"times": PoolRealArray( 0, 1.5, 3 )
}
tracks/1/type = "bezier"
tracks/1/path = NodePath(".:scale:y")
tracks/1/interp = 1
tracks/1/loop_wrap = true
tracks/1/imported = false
tracks/1/enabled = true
tracks/1/keys = {
"points": PoolRealArray( 0.5, -0.25, 0, 0.25, 0, 0.65, -0.7, 0.00622392, 0.8, 0.00378597, 0.5, -0.25, 0, 0.25, 0 ),
"times": PoolRealArray( 0, 1.5, 3 )
}

[sub_resource type="Gradient" id=35]
colors = PoolColorArray( 0.945312, 1, 0, 1, 1, 1, 1, 1 )

[sub_resource type="GradientTexture" id=40]
gradient = SubResource( 35 )

[sub_resource type="ParticlesMaterial" id=34]
emission_shape = 1
emission_sphere_radius = 256.0
flag_disable_z = true
spread = 180.0
gravity = Vector3( 0, 0, 0 )
initial_velocity = 75.0
initial_velocity_random = 1.0
orbit_velocity = 0.0
orbit_velocity_random = 0.0
scale = 0.1
scale_random = 0.5
color = Color( 1, 0.654902, 0, 1 )
color_ramp = SubResource( 40 )

[sub_resource type="Animation" id=39]
length = 0.001
tracks/0/type = "bezier"
tracks/0/path = NodePath(".:self_modulate:r")
tracks/0/interp = 1
tracks/0/loop_wrap = true
tracks/0/imported = false
tracks/0/enabled = true
tracks/0/keys = {
"points": PoolRealArray( 1, -0.25, 0, 0.25, 0 ),
"times": PoolRealArray( 0 )
}
tracks/1/type = "bezier"
tracks/1/path = NodePath(".:self_modulate:g")
tracks/1/interp = 1
tracks/1/loop_wrap = true
tracks/1/imported = false
tracks/1/enabled = true
tracks/1/keys = {
"points": PoolRealArray( 1, -0.25, 0, 0.25, 0 ),
"times": PoolRealArray( 0 )
}
tracks/2/type = "bezier"
tracks/2/path = NodePath(".:self_modulate:b")
tracks/2/interp = 1
tracks/2/loop_wrap = true
tracks/2/imported = false
tracks/2/enabled = true
tracks/2/keys = {
"points": PoolRealArray( 1, -0.25, 0, 0.25, 0 ),
"times": PoolRealArray( 0 )
}
tracks/3/type = "bezier"
tracks/3/path = NodePath(".:self_modulate:a")
tracks/3/interp = 1
tracks/3/loop_wrap = true
tracks/3/imported = false
tracks/3/enabled = true
tracks/3/keys = {
"points": PoolRealArray( 0, -0.25, 0, 0.25, 0 ),
"times": PoolRealArray( 0 )
}

[sub_resource type="Animation" id=38]
resource_name = "Splash"
length = 3.1
step = 0.01
tracks/0/type = "bezier"
tracks/0/path = NodePath(".:scale:x")
tracks/0/interp = 1
tracks/0/loop_wrap = true
tracks/0/imported = false
tracks/0/enabled = true
tracks/0/keys = {
"points": PoolRealArray( 0, -0.25, 0, 0.25, 0, 0.563078, -0.0525758, 0.00169301, 0.0525758, -0.00169301, 0.5, -0.0460365, -0.00294852, 0.0460365, 0.00294852 ),
"times": PoolRealArray( 0, 0.0917532, 0.191753 )
}
tracks/1/type = "bezier"
tracks/1/path = NodePath(".:scale:y")
tracks/1/interp = 1
tracks/1/loop_wrap = true
tracks/1/imported = false
tracks/1/enabled = true
tracks/1/keys = {
"points": PoolRealArray( 0, -0.25, 0, 0.25, 0, 0.561385, -0.0485723, -0.00169301, 0.0485723, 0.00169301, 0.5, -0.036322, 0.00213045, 0.036322, -0.00213045 ),
"times": PoolRealArray( 0, 0.0957568, 0.191753 )
}
tracks/2/type = "bezier"
tracks/2/path = NodePath(".:self_modulate:r")
tracks/2/interp = 1
tracks/2/loop_wrap = true
tracks/2/imported = false
tracks/2/enabled = true
tracks/2/keys = {
"points": PoolRealArray( 1, -0.25, 0, 0.25, 0, 1, -0.25, 0, 0.25, 0 ),
"times": PoolRealArray( 0, 0.194289 )
}
tracks/3/type = "bezier"
tracks/3/path = NodePath(".:self_modulate:g")
tracks/3/interp = 1
tracks/3/loop_wrap = true
tracks/3/imported = false
tracks/3/enabled = true
tracks/3/keys = {
"points": PoolRealArray( 1, -0.25, 0, 0.25, 0, 1, -0.25, 0, 0.25, 0 ),
"times": PoolRealArray( 0, 0.194289 )
}
tracks/4/type = "bezier"
tracks/4/path = NodePath(".:self_modulate:b")
tracks/4/interp = 1
tracks/4/loop_wrap = true
tracks/4/imported = false
tracks/4/enabled = true
tracks/4/keys = {
"points": PoolRealArray( 1, -0.25, 0, 0.25, 0, 1, -0.25, 0, 0.25, 0 ),
"times": PoolRealArray( 0, 0.194289 )
}
tracks/5/type = "bezier"
tracks/5/path = NodePath(".:self_modulate:a")
tracks/5/interp = 1
tracks/5/loop_wrap = true
tracks/5/imported = false
tracks/5/enabled = true
tracks/5/keys = {
"points": PoolRealArray( 0, -0.122257, -0.00369132, 0.122257, 0.00369132, 1, -0.137842, -0.000994086, 0.137842, 0.000994086, 1, -0.25, 0, 0.25, 0, 0, -0.25, 0, 0.25, 0 ),
"times": PoolRealArray( 0, 0.194289, 1.98, 3.04 )
}

[node name="Weapon" type="Spatial"]
script = ExtResource( 25 )
explode_cam_shake = 10.0
charge_decrease_rate = 33.0
max_doggo_height = 100.0
particles_path = NodePath("HUD/Doggo/Shine")
face_path = NodePath("HUD/Doggo/Doggo/Face")
bubble_path = NodePath("HUD/Doggo/Doggo/Bubble")
doggo_path = NodePath("HUD/Doggo")
sleepy_face_tex = ExtResource( 1 )
bubble_tex = ExtResource( 8 )

[node name="ReloadTimer" type="Timer" parent="."]
wait_time = 3.0
one_shot = true

[node name="BubbleTimer" type="Timer" parent="."]
wait_time = 5.0
one_shot = true

[node name="Anim" type="AnimationPlayer" parent="."]
autoplay = "Idle"
anims/Hide = SubResource( 21 )
anims/Idle = SubResource( 2 )
anims/Pet = SubResource( 6 )
anims/RESET = SubResource( 3 )
anims/Show = SubResource( 5 )
anims/Walk = SubResource( 4 )

[node name="AnimationTree" type="AnimationTree" parent="."]
tree_root = SubResource( 25 )
anim_player = NodePath("../Anim")
active = true
parameters/playback = SubResource( 8 )
parameters/IdleWalk/blend_position = -0.0035587

[node name="HUD" type="CanvasLayer" parent="."]

[node name="Doggo" type="Node2D" parent="HUD"]
script = ExtResource( 27 )

[node name="Doggo" type="Node2D" parent="HUD/Doggo"]
position = Vector2( 0, 48 )

[node name="Body" type="Sprite" parent="HUD/Doggo/Doggo"]
position = Vector2( 480, 270 )
scale = Vector2( 0.5, 0.5 )
texture = ExtResource( 14 )

[node name="Dirty" type="Sprite" parent="HUD/Doggo/Doggo/Body"]
texture = ExtResource( 22 )

[node name="EarLeft" type="Sprite" parent="HUD/Doggo/Doggo"]
position = Vector2( 480, 277.717 )
scale = Vector2( 0.51, 0.45 )
texture = ExtResource( 16 )

[node name="EarRight" type="Sprite" parent="HUD/Doggo/Doggo"]
position = Vector2( 480, 277.717 )
scale = Vector2( 0.52, 0.45 )
texture = ExtResource( 17 )

[node name="Head" type="Sprite" parent="HUD/Doggo/Doggo"]
position = Vector2( 480, 270 )
scale = Vector2( 0.52, 0.5 )
texture = ExtResource( 15 )

[node name="Dirty" type="Sprite" parent="HUD/Doggo/Doggo/Head"]
scale = Vector2( 0.961538, 1 )
texture = ExtResource( 23 )

[node name="PawLeft" type="Sprite" parent="HUD/Doggo/Doggo"]
position = Vector2( 480, 279.643 )
scale = Vector2( 0.5, 0.5 )
texture = ExtResource( 18 )

[node name="PawRight" type="Sprite" parent="HUD/Doggo/Doggo"]
position = Vector2( 480, 270 )
scale = Vector2( 0.5, 0.5 )
texture = ExtResource( 19 )

[node name="Face" type="Sprite" parent="HUD/Doggo/Doggo"]
position = Vector2( 480, 270 )
scale = Vector2( 0.5, 0.5 )
texture = ExtResource( 9 )

[node name="PetFace" type="Sprite" parent="HUD/Doggo/Doggo"]
visible = false
position = Vector2( 480, 270 )
scale = Vector2( 0.5, 0.5 )
texture = ExtResource( 2 )

[node name="Tail" type="Sprite" parent="HUD/Doggo/Doggo"]
position = Vector2( 480, 270 )
scale = Vector2( 0.52, 0.48 )
texture = ExtResource( 10 )

[node name="Dirty" type="Sprite" parent="HUD/Doggo/Doggo/Tail"]
position = Vector2( -29.6865, 26.7346 )
scale = Vector2( 1.03299, 0.969056 )
texture = ExtResource( 20 )

[node name="Bubble" type="Sprite" parent="HUD/Doggo/Doggo"]
visible = false
position = Vector2( 267, 378.821 )
scale = Vector2( 0.649636, 0.650178 )
texture = ExtResource( 8 )
offset = Vector2( 426, -217.642 )

[node name="AnimationPlayer" type="AnimationPlayer" parent="HUD/Doggo/Doggo/Bubble"]
autoplay = "Default"
anims/Default = SubResource( 37 )

[node name="BackDoggo" type="Node2D" parent="HUD/Doggo"]
position = Vector2( 0, 467 )

[node name="BackBody" type="Sprite" parent="HUD/Doggo/BackDoggo"]
position = Vector2( 480, 270 )
scale = Vector2( 0.5, 0.5 )
texture = ExtResource( 13 )

[node name="Paw" type="Sprite" parent="HUD/Doggo/BackDoggo"]
position = Vector2( 480, 270 )
scale = Vector2( 0.5, 0.5 )
texture = ExtResource( 12 )

[node name="BackHead" type="Sprite" parent="HUD/Doggo/BackDoggo"]
position = Vector2( 480, 270 )
scale = Vector2( 0.5, 0.5 )
texture = ExtResource( 5 )

[node name="BackEarL" type="Sprite" parent="HUD/Doggo/BackDoggo"]
position = Vector2( 480, 270 )
scale = Vector2( 0.5, 0.5 )
texture = ExtResource( 7 )

[node name="BackEarR" type="Sprite" parent="HUD/Doggo/BackDoggo"]
position = Vector2( 480, 270 )
scale = Vector2( 0.5, 0.5 )
texture = ExtResource( 3 )

[node name="BackHandR" type="Sprite" parent="HUD/Doggo/BackDoggo"]
position = Vector2( 132, 333 )
scale = Vector2( 0.5, 0.5 )
texture = ExtResource( 6 )

[node name="Dirty" type="Sprite" parent="HUD/Doggo/BackDoggo"]
position = Vector2( 480, 270 )
scale = Vector2( 0.5, 0.5 )
texture = ExtResource( 21 )

[node name="PetHand" type="Sprite" parent="HUD/Doggo"]
position = Vector2( 947, 678 )
scale = Vector2( 0.5, 0.5 )
texture = ExtResource( 11 )

[node name="Shine" type="Particles2D" parent="HUD/Doggo"]
position = Vector2( 184, 351 )
amount = 10
process_material = SubResource( 34 )
texture = ExtResource( 29 )

[node name="Tween" type="Tween" parent="HUD/Doggo"]

[node name="DirtyTimer" type="Timer" parent="HUD/Doggo"]
wait_time = 2.0
one_shot = true

[node name="Hud" parent="HUD" instance=ExtResource( 24 )]
time_before_decrease = 3.0

[node name="Splatter" type="Sprite" parent="HUD"]
self_modulate = Color( 1, 1, 1, 0 )
scale = Vector2( 1e-05, 1e-05 )
texture = ExtResource( 4 )
centered = false
script = ExtResource( 26 )

[node name="Anim" type="AnimationPlayer" parent="HUD/Splatter"]
anims/RESET = SubResource( 39 )
anims/Splash = SubResource( 38 )

[node name="RayCast" type="RayCast" parent="."]
transform = Transform( 1, 0, 0, 0, 1, 0, 0, 0, 1, 0, 0.0835679, 0 )
enabled = true
cast_to = Vector3( 0, 0, -2 )

[connection signal="timeout" from="ReloadTimer" to="." method="_on_ReloadTimer_timeout"]
[connection signal="timeout" from="BubbleTimer" to="." method="_on_BubbleTimer_timeout"]
[connection signal="timeout" from="HUD/Doggo/DirtyTimer" to="HUD/Doggo" method="_on_DirtyTimer_timeout"]
[connection signal="splash" from="HUD/Splatter" to="HUD/Doggo" method="_on_splash"]
