[gd_scene load_steps=27 format=2]

[ext_resource path="res://src/Autoload/AudioManager.gd" type="Script" id=1]
[ext_resource path="res://assets/Sound/broken-glass.wav" type="AudioStream" id=2]
[ext_resource path="res://src/Sound/MultiInstrument.tscn" type="PackedScene" id=3]
[ext_resource path="res://assets/Sound/explosion-body-1.wav" type="AudioStream" id=4]
[ext_resource path="res://assets/Sound/explosion-body-4.wav" type="AudioStream" id=5]
[ext_resource path="res://assets/Sound/explosion-body-2.wav" type="AudioStream" id=6]
[ext_resource path="res://assets/Sound/explosion-body-3.wav" type="AudioStream" id=7]
[ext_resource path="res://assets/Sound/explosion-sparkles.wav" type="AudioStream" id=8]
[ext_resource path="res://assets/Sound/game-blown-away-no-percussion-by-kevin-macleod.mp3" type="AudioStream" id=9]
[ext_resource path="res://assets/Sound/menu-theme-for-harold-var-2-by-kevin-macleod.mp3" type="AudioStream" id=10]
[ext_resource path="res://assets/Sound/pet-doggo.wav" type="AudioStream" id=11]
[ext_resource path="res://assets/Sound/progress-bar-down.wav" type="AudioStream" id=12]
[ext_resource path="res://assets/Sound/progress-bar-up.wav" type="AudioStream" id=13]
[ext_resource path="res://assets/Sound/splash-1.wav" type="AudioStream" id=14]
[ext_resource path="res://assets/Sound/splash-3.wav" type="AudioStream" id=15]
[ext_resource path="res://assets/Sound/splash-2.wav" type="AudioStream" id=16]
[ext_resource path="res://assets/Sound/hm-man-1.wav" type="AudioStream" id=17]
[ext_resource path="res://assets/Sound/hm-man-2.wav" type="AudioStream" id=18]
[ext_resource path="res://assets/Sound/hm-man-4.wav" type="AudioStream" id=19]
[ext_resource path="res://assets/Sound/hm-man-3.wav" type="AudioStream" id=20]
[ext_resource path="res://assets/Sound/hm-woman-4.wav" type="AudioStream" id=21]
[ext_resource path="res://assets/Sound/hm-woman-2.wav" type="AudioStream" id=22]
[ext_resource path="res://assets/Sound/hm-woman-1.wav" type="AudioStream" id=23]
[ext_resource path="res://assets/Sound/hm-woman-3.wav" type="AudioStream" id=24]
[ext_resource path="res://assets/Sound/aww-man.wav" type="AudioStream" id=25]
[ext_resource path="res://assets/Sound/aww-woman.wav" type="AudioStream" id=26]

[node name="AudioManager" type="Node"]
script = ExtResource( 1 )

[node name="BrokenGlass" type="AudioStreamPlayer" parent="."]
stream = ExtResource( 2 )
bus = "SFX"

[node name="PetDoggo" type="AudioStreamPlayer" parent="."]
stream = ExtResource( 11 )
bus = "SFX"

[node name="ProgressDown" type="AudioStreamPlayer" parent="."]
stream = ExtResource( 12 )
bus = "SFX"

[node name="ProgressUp" type="AudioStreamPlayer" parent="."]
stream = ExtResource( 13 )
bus = "SFX"

[node name="ExplosionSparkles" type="AudioStreamPlayer" parent="."]
stream = ExtResource( 8 )
bus = "SFX"

[node name="ExplosionBody" parent="." instance=ExtResource( 3 )]

[node name="Explosion" type="AudioStreamPlayer" parent="ExplosionBody"]
stream = ExtResource( 4 )
bus = "SFX"

[node name="Explosion2" type="AudioStreamPlayer" parent="ExplosionBody"]
stream = ExtResource( 6 )
bus = "SFX"

[node name="Explosion3" type="AudioStreamPlayer" parent="ExplosionBody"]
stream = ExtResource( 7 )
bus = "SFX"

[node name="Explosion4" type="AudioStreamPlayer" parent="ExplosionBody"]
stream = ExtResource( 5 )
bus = "SFX"

[node name="Splash" parent="." instance=ExtResource( 3 )]

[node name="Explosion" type="AudioStreamPlayer" parent="Splash"]
stream = ExtResource( 14 )
bus = "SFX"

[node name="Explosion2" type="AudioStreamPlayer" parent="Splash"]
stream = ExtResource( 16 )
bus = "SFX"

[node name="Explosion3" type="AudioStreamPlayer" parent="Splash"]
stream = ExtResource( 15 )
bus = "SFX"

[node name="GameMusic" type="AudioStreamPlayer" parent="."]
stream = ExtResource( 9 )
bus = "Music"

[node name="MenuMusic" type="AudioStreamPlayer" parent="."]
stream = ExtResource( 10 )
bus = "Music"

[node name="HmMan" parent="." instance=ExtResource( 3 )]

[node name="AudioStreamPlayer" type="AudioStreamPlayer" parent="HmMan"]
stream = ExtResource( 17 )

[node name="AudioStreamPlayer2" type="AudioStreamPlayer" parent="HmMan"]
stream = ExtResource( 18 )

[node name="AudioStreamPlayer3" type="AudioStreamPlayer" parent="HmMan"]
stream = ExtResource( 20 )

[node name="AudioStreamPlayer4" type="AudioStreamPlayer" parent="HmMan"]
stream = ExtResource( 19 )

[node name="Mute" type="AudioStreamPlayer" parent="HmMan"]

[node name="Mute2" type="AudioStreamPlayer" parent="HmMan"]

[node name="Mute3" type="AudioStreamPlayer" parent="HmMan"]

[node name="Mute4" type="AudioStreamPlayer" parent="HmMan"]

[node name="HmWoman" parent="." instance=ExtResource( 3 )]

[node name="AudioStreamPlayer" type="AudioStreamPlayer" parent="HmWoman"]
stream = ExtResource( 23 )

[node name="AudioStreamPlayer2" type="AudioStreamPlayer" parent="HmWoman"]
stream = ExtResource( 22 )

[node name="AudioStreamPlayer3" type="AudioStreamPlayer" parent="HmWoman"]
stream = ExtResource( 24 )

[node name="AudioStreamPlayer4" type="AudioStreamPlayer" parent="HmWoman"]
stream = ExtResource( 21 )

[node name="Mute" type="AudioStreamPlayer" parent="HmWoman"]

[node name="Mute2" type="AudioStreamPlayer" parent="HmWoman"]

[node name="Mute3" type="AudioStreamPlayer" parent="HmWoman"]

[node name="Mute4" type="AudioStreamPlayer" parent="HmWoman"]

[node name="Man" type="AudioStreamPlayer" parent="."]
stream = ExtResource( 25 )

[node name="Woman" type="AudioStreamPlayer" parent="."]
stream = ExtResource( 26 )
