[gd_scene load_steps=6 format=2]

[ext_resource path="res://assets/UI/background-game-over.png" type="Texture" id=1]
[ext_resource path="res://assets/GameTheme.tres" type="Theme" id=2]
[ext_resource path="res://src/Autoload/LoseManager.gd" type="Script" id=3]

[sub_resource type="Animation" id=1]
resource_name = "Lose"
step = 0.01
tracks/0/type = "value"
tracks/0/path = NodePath("CanvasLayer/Control/TextureRect:visible")
tracks/0/interp = 1
tracks/0/loop_wrap = true
tracks/0/imported = false
tracks/0/enabled = true
tracks/0/keys = {
"times": PoolRealArray( 0 ),
"transitions": PoolRealArray( 1 ),
"update": 1,
"values": [ true ]
}
tracks/1/type = "bezier"
tracks/1/path = NodePath("CanvasLayer/Control/TextureRect:rect_scale:x")
tracks/1/interp = 1
tracks/1/loop_wrap = true
tracks/1/imported = false
tracks/1/enabled = true
tracks/1/keys = {
"points": PoolRealArray( 1e-05, -0.25, 0, 0.25, 0, 1, -0.25, 0, 0.25, 0 ),
"times": PoolRealArray( 0, 0.15 )
}
tracks/2/type = "bezier"
tracks/2/path = NodePath("CanvasLayer/Control/TextureRect:rect_scale:y")
tracks/2/interp = 1
tracks/2/loop_wrap = true
tracks/2/imported = false
tracks/2/enabled = true
tracks/2/keys = {
"points": PoolRealArray( 1e-05, -0.25, 0, 0.25, 0, 1, -0.25, 0, 0.25, 0 ),
"times": PoolRealArray( 0, 0.15 )
}
tracks/3/type = "bezier"
tracks/3/path = NodePath("CanvasLayer/Control/Button:self_modulate:r")
tracks/3/interp = 1
tracks/3/loop_wrap = true
tracks/3/imported = false
tracks/3/enabled = true
tracks/3/keys = {
"points": PoolRealArray( 1, -0.25, 0, 0.25, 0 ),
"times": PoolRealArray( 0 )
}
tracks/4/type = "bezier"
tracks/4/path = NodePath("CanvasLayer/Control/Button:self_modulate:g")
tracks/4/interp = 1
tracks/4/loop_wrap = true
tracks/4/imported = false
tracks/4/enabled = true
tracks/4/keys = {
"points": PoolRealArray( 1, -0.25, 0, 0.25, 0 ),
"times": PoolRealArray( 0 )
}
tracks/5/type = "bezier"
tracks/5/path = NodePath("CanvasLayer/Control/Button:self_modulate:b")
tracks/5/interp = 1
tracks/5/loop_wrap = true
tracks/5/imported = false
tracks/5/enabled = true
tracks/5/keys = {
"points": PoolRealArray( 1, -0.25, 0, 0.25, 0 ),
"times": PoolRealArray( 0 )
}
tracks/6/type = "bezier"
tracks/6/path = NodePath("CanvasLayer/Control/Button:self_modulate:a")
tracks/6/interp = 1
tracks/6/loop_wrap = true
tracks/6/imported = false
tracks/6/enabled = true
tracks/6/keys = {
"points": PoolRealArray( 1, -0.25, 0, 0.25, 0, 0, -0.25, 0, 0.25, 0, 1, -0.25, 0, 0.25, 0 ),
"times": PoolRealArray( 0, 0.5, 0.99 )
}
tracks/7/type = "value"
tracks/7/path = NodePath("CanvasLayer/Control/Button:visible")
tracks/7/interp = 1
tracks/7/loop_wrap = true
tracks/7/imported = false
tracks/7/enabled = true
tracks/7/keys = {
"times": PoolRealArray( 0, 0.5 ),
"transitions": PoolRealArray( 1, 1 ),
"update": 1,
"values": [ false, true ]
}

[sub_resource type="Animation" id=2]
resource_name = "RESET"
tracks/0/type = "value"
tracks/0/path = NodePath("CanvasLayer/Control/TextureRect:visible")
tracks/0/interp = 1
tracks/0/loop_wrap = true
tracks/0/imported = false
tracks/0/enabled = true
tracks/0/keys = {
"times": PoolRealArray( 0 ),
"transitions": PoolRealArray( 1 ),
"update": 0,
"values": [ false ]
}
tracks/1/type = "bezier"
tracks/1/path = NodePath("CanvasLayer/Control/TextureRect:rect_scale:x")
tracks/1/interp = 1
tracks/1/loop_wrap = true
tracks/1/imported = false
tracks/1/enabled = true
tracks/1/keys = {
"points": PoolRealArray( 1, -0.25, 0, 0.25, 0 ),
"times": PoolRealArray( 0 )
}
tracks/2/type = "bezier"
tracks/2/path = NodePath("CanvasLayer/Control/TextureRect:rect_scale:y")
tracks/2/interp = 1
tracks/2/loop_wrap = true
tracks/2/imported = false
tracks/2/enabled = true
tracks/2/keys = {
"points": PoolRealArray( 1, -0.25, 0, 0.25, 0 ),
"times": PoolRealArray( 0 )
}
tracks/3/type = "bezier"
tracks/3/path = NodePath("CanvasLayer/Control/Button:self_modulate:r")
tracks/3/interp = 1
tracks/3/loop_wrap = true
tracks/3/imported = false
tracks/3/enabled = true
tracks/3/keys = {
"points": PoolRealArray( 1, -0.25, 0, 0.25, 0 ),
"times": PoolRealArray( 0 )
}
tracks/4/type = "bezier"
tracks/4/path = NodePath("CanvasLayer/Control/Button:self_modulate:g")
tracks/4/interp = 1
tracks/4/loop_wrap = true
tracks/4/imported = false
tracks/4/enabled = true
tracks/4/keys = {
"points": PoolRealArray( 1, -0.25, 0, 0.25, 0 ),
"times": PoolRealArray( 0 )
}
tracks/5/type = "bezier"
tracks/5/path = NodePath("CanvasLayer/Control/Button:self_modulate:b")
tracks/5/interp = 1
tracks/5/loop_wrap = true
tracks/5/imported = false
tracks/5/enabled = true
tracks/5/keys = {
"points": PoolRealArray( 1, -0.25, 0, 0.25, 0 ),
"times": PoolRealArray( 0 )
}
tracks/6/type = "bezier"
tracks/6/path = NodePath("CanvasLayer/Control/Button:self_modulate:a")
tracks/6/interp = 1
tracks/6/loop_wrap = true
tracks/6/imported = false
tracks/6/enabled = true
tracks/6/keys = {
"points": PoolRealArray( 1, -0.25, 0, 0.25, 0 ),
"times": PoolRealArray( 0 )
}
tracks/7/type = "value"
tracks/7/path = NodePath("CanvasLayer/Control/Button:visible")
tracks/7/interp = 1
tracks/7/loop_wrap = true
tracks/7/imported = false
tracks/7/enabled = true
tracks/7/keys = {
"times": PoolRealArray( 0 ),
"transitions": PoolRealArray( 1 ),
"update": 0,
"values": [ false ]
}

[node name="LoseManager" type="Control"]
pause_mode = 2
anchor_right = 1.0
anchor_bottom = 1.0
mouse_filter = 2
theme = ExtResource( 2 )
script = ExtResource( 3 )
__meta__ = {
"_edit_use_anchors_": false
}

[node name="CanvasLayer" type="CanvasLayer" parent="."]
layer = 5

[node name="Control" type="Control" parent="CanvasLayer"]
anchor_right = 1.0
anchor_bottom = 1.0
mouse_filter = 2
theme = ExtResource( 2 )
__meta__ = {
"_edit_use_anchors_": false
}

[node name="TextureRect" type="TextureRect" parent="CanvasLayer/Control"]
visible = false
anchor_right = 1.0
anchor_bottom = 1.0
rect_pivot_offset = Vector2( 480, 270 )
mouse_filter = 2
texture = ExtResource( 1 )
expand = true
__meta__ = {
"_edit_use_anchors_": false
}

[node name="Button" type="Button" parent="CanvasLayer/Control"]
visible = false
anchor_left = 0.5
anchor_top = 1.0
anchor_right = 0.5
anchor_bottom = 1.0
margin_left = -121.0
margin_top = -232.0
margin_right = 121.0
margin_bottom = -129.0
mouse_filter = 2
size_flags_horizontal = 3
size_flags_vertical = 3
text = "Try again"
clip_text = true
__meta__ = {
"_edit_use_anchors_": false
}

[node name="Anim" type="AnimationPlayer" parent="."]
autoplay = "RESET"
anims/Lose = SubResource( 1 )
anims/RESET = SubResource( 2 )

[connection signal="pressed" from="CanvasLayer/Control/Button" to="." method="_on_retry_pressed"]
